1871 2782
652 154 764 192 EPP.
797 153 875 191 AD
907 153 1145 212 BRVTVM
1518 152 1616 190 1,Χί

269 276 335 311 ΧῙ
541 278 609 310 Ser.
629 279 661 309 in
677 279 790 310 castris
805 291 850 311 cx.
871 290 914 313 m.
934 279 1009 310 Iun.
1028 290 1057 311 a.
1081 290 1134 319 711
1155 279 1235 321 (45).

610 355 792 387 BRVTVS
817 355 1041 387 CICERONI
1067 355 1165 387 SAL.

280 431 432 471 Veteris
455 432 599 471 Antisti
620 432 706 470 talis
735 432 890 470 animus
917 440 975 470 est
1002 433 1041 470 in
1071 446 1152 470 rem
1183 432 1382 482 publicam
1403 439 1446 472 ut
1474 446 1554 472 non
1575 445 1591 471 1

228 497 407 536 dubitem
438 498 533 547 quin
558 504 596 536 et
625 497 665 535 in
694 498 861 536 Caesare
886 504 924 536 et
953 499 993 535 in
1020 497 1198 536 Antonio
1222 511 1264 536 se
1292 504 1555 548 praestaturus

189 573 205 604 5
228 562 341 600 fuerit
379 562 612 600 acerrimum
651 568 982 618 propugnatorem
1021 561 1244 600 communis
1283 561 1482 609 libertatis,
1524 563 1554 600 si

228 626 426 664 occasioni
461 626 652 676 potuisset
683 640 895 664 occurrere.
965 627 1070 664 Nam
1109 626 1176 676 qui
1215 626 1256 664 in
1286 626 1437 665 Achaia
1466 640 1557 665 con-

226 703 379 740 gressus
399 705 480 729 cum
501 691 708 729 Dolabella
728 691 870 729 milites
889 699 1008 741 atque
1029 691 1181 741 equites
1197 691 1368 730 habente
1389 692 1556 741 quodvis

226 755 334 794 adire
369 755 586 805 periculum
618 768 665 793 ex
695 754 846 794 insidiis
877 755 1109 805 paratissimi
1147 757 1198 794 ad
1232 755 1366 794 omnia
1397 756 1555 794 latronis

228 820 408 858 maluerit
440 834 558 870 quam
588 819 710 859 videri
739 828 806 858 aut
835 827 994 859 coactus
1024 834 1110 859 esse
1133 820 1342 871 pecuniam
1369 822 1462 859 dare
1490 827 1557 858 aut

171 900 209 923 10
228 884 394 922 libenter
415 885 572 923 dedisse
599 884 750 923 bomini
780 885 1024 935 nequissimo
1052 892 1171 935 atque
1199 884 1501 934 improbissimo,
1525 885 1556 923 is

227 948 343 987 nobis
365 950 466 987 ultro
487 956 525 987 et
547 948 744 998 pollicitus
766 957 824 987 est
844 956 882 987 et
902 949 1014 988 dedit
1041 951 1112 988 HS
1139 961 1198 986 xx
1228 964 1275 988 ex
1299 960 1369 987 s'ua
1388 949 1556 999 pecunia

228 1021 275 1059 et,
309 1015 418 1063 quod
449 1015 573 1052 multo
603 1013 727 1052 carius
758 1022 825 1059 est,
863 1027 904 1052 se
934 1013 1064 1064 ipsum
1098 1013 1241 1052 obtulit
1272 1021 1310 1052 et
1339 1014 1552 1053 coniunxit.

229 1078 338 1116 Huic
359 1080 592 1128 persuadere
613 1078 804 1128 cupimuS,
827 1086 870 1116 ut
893 1078 1103 1129 imperator
1122 1078 1163 1116 in
1183 1078 1317 1116 castris
1337 1087 1555 1118 remaneret
1572 1091 1596 1118 2

228 1155 390 1192 remque
419 1142 621 1192 publicam
650 1144 890 1181 defenderet.
949 1142 1092 1180 Statuit
1111 1142 1152 1181 id
1173 1142 1247 1180 sibi
1269 1141 1287 1161 *
1312 1142 1343 1189 *‚
1366 1143 1555 1192 quoniam

173 1221 208 1253 15
229 1206 442 1245 exercitum
472 1207 693 1246 dimisisset.
753 1206 891 1244 Statim
917 1219 1009 1245 vero
1039 1206 1255 1245 rediturum
1284 1208 1335 1245 ad
1364 1220 1437 1245 nos
1467 1220 1557 1246 con-

229 1271 395 1310 firmavit
416 1271 610 1321 legatione
632 1278 823 1321 suscepta,
852 1269 927 1308 nisi
956 1278 1179 1320 praetorum
1207 1271 1367 1310 comitia
1387 1270 1556 1310 habituri

229 1343 359 1375 essent
380 1337 572 1374 consules.
633 1337 737 1374 Nam
758 1335 813 1373 illi
834 1335 887 1373 ita
907 1335 1089 1374 sentienti
1106 1337 1155 1374 de
1176 1350 1215 1374 re
1236 1336 1394 1386 publica
1414 1350 1557 1386 magno

227 1414 346 1451 opere
366 1408 502 1439 auctor
522 1400 576 1438 fui
597 1414 646 1439 ne
668 1400 837 1439 differret
858 1407 1013 1451 ternpus
1041 1400 1240 1450 petitionis
1271 1414 1374 1440 suae.
1434 1401 1557 1441 Cuius

228 1466 375 1503 facturn
416 1465 602 1503 omnibus
633 1472 786 1515 gratum
821 1478 906 1503 esse
944 1465 1064 1503 debet
1097 1465 1164 1515 qui
1195 1467 1317 1504 modo
1348 1465 1557 1505 iudicarint

172 1545 210 1567 20
229 1531 336 1569 hunc
361 1529 573 1569 exercitum
603 1543 688 1569 esse
716 1529 851 1568 utilem
881 1529 935 1568 rei
964 1529 1156 1580 publicae,
1181 1530 1251 1568 tibi
1282 1538 1392 1570 tanto
1411 1530 1555 1581 gratius

230 1602 380 1645 quanto
428 1594 576 1633 maiore
623 1602 662 1633 et
703 1594 838 1633 animo
877 1594 1078 1645 gloriaque
1122 1595 1342 1634 libertatem
1382 1603 1555 1634 nostram

230 1659 409 1698 defendis
441 1667 479 1698 et
515 1659 715 1710 dignitate,
751 1659 782 1697 si
813 1658 1018 1709 contigerit
1052 1659 1193 1698 nostris
1225 1660 1397 1698 consiliis
1432 1660 1555 1699 exitus

230 1737 349 1774 quem
381 1732 574 1774 optamus,
611 1726 887 1774 perfuncturus
921 1738 972 1763 es.
1033 1727 1119 1774 Ego
1152 1725 1281 1771 etiarn,
1318 1725 1372 1763 mi
1403 1725 1553 1771 Cicero,

230 1788 385 1839 proprie
414 1789 731 1839 familiariterque
761 1797 799 1827 te
828 1803 922 1839 rogo
953 1797 995 1827 ut
1029 1791 1213 1828 Veterem
1247 1803 1354 1828 ames
1383 1790 1558 1840 velisque

174 1871 211 1901 25
231 1867 317 1892 esse
338 1867 456 1903 quam
485 1853 797 1903 amplissimum3
827 1853 894 1903 qui
923 1853 995 1891 etsi
1025 1856 1131 1891 nulla
1160 1867 1200 1892 re
1229 1854 1413 1892 deterreri
1432 1868 1455 1892 a
1474 1868 1558 1905 pro-

231 1918 361 1968 posito
392 1925 531 1968 potest,
564 1925 697 1956 tamen
728 1916 885 1956 excitari
920 1917 995 1956 tuis
1027 1917 1209 1956 laudibus
1236 1918 1558 1969 indulgentiaque

275 2032 293 2059 4
320 2021 352 2050 in
371 2020 444 2051 add.
468 2019 655 2060 [Vesenbcrg
800 2029 816 2058 7
843 2030 917 2049 cum
937 2019 1008 2050 Dol.
1031 2019 1170 2050 Gurlist:
1196 2020 1229 2051 P.
1252 2021 1325 2052 Dol.
1345 2021 1432 2052 codd.
1453 2033 1460 2052 z
1484 2032 1558 2052 curn

234 2064 268 2095 P.
292 2065 366 2095 Dol.
390 2063 576 2103 lVesenbcrg
696 2073 736 2093 10
760 2063 968 2102 iniquissimo
987 2063 1075 2094 Crat.
1098 2063 1218 2093 Gurlz'lt
1351 2075 1386 2095 11
1415 2064 1476 2096 HS
1494 2066 1557 2106 xx]

232 2108 388 2139 sestertia
402 2117 446 2137 xx
461 2107 519 2137 M:
542 2117 586 2136 xx
602 2106 662 2136 HS
675 2107 725 2136 Α2
740 2106 825 2137 Crat.
844 2105 940 2145 (sort.
952 2122 978 2131 z
991 2107 1050 2145 Ls>
1135 2117 1172 2145 13
1189 2107 1341 2146 cupimus
1355 2108 1416 2147 M(
1429 2124 1453 2133 =
1468 2109 1559 2147 cupi-

233 2152 351 2189 vimus,
373 2151 409 2189 cf.
429 2149 697 2189 Neue-llsagener
710 2149 768 2180 iii.³‘
785 2152 862 2189 449)
881 2161 887 2180 :
911 2150 1075 2189 cupiimus
1097 2150 1172 2182 Vict.
1311 2161 1347 2190 14
1373 2151 1404 2181 id
1422 2152 1483 2182 sibi
1501 2152 1560 2182 JW:

233 2195 297 2225 sibi
316 2195 461 2224 eundum
480 2193 544 2224 cod.
564 2193 740 2223 Pcrlalinus
756 2194 866 2223 tetrius
881 2204 887 2223 :
923 2193 1007 2223 unde
1022 2194 1168 2223 eundum
1186 2193 1318 2224 domum
1332 2194 1410 2224 olim
1426 2195 1560 2225 conieci:

234 2238 266 2267 id
283 2238 344 2268 sibi
362 2248 428 2267 non
447 2237 547 2267 licere
567 2236 800 2275 G11rl1'tt2s0nr.
821 2237 852 2266 id
870 2237 932 2268 sibi
949 2235 1115 2275 ἀδύνατον,
1132 2238 1167 2276 cf
1187 2237 1258 2268 Att.
1280 2238 1298 2268 i.
1322 2247 1349 2268 1.
1368 2248 1387 2267 2
1523 2248 1559 2277 15

233 2291 271 2311 se
289 2282 472 2310 rediturum
492 2280 610 2310 Lamb.
744 2290 782 2318 19
806 2280 981 2309 iudicarint
998 2279 1050 2308 Α2
1070 2280 1153 2310 Crat.
1176 2281 1272 2319 (sort.
1293 2295 1319 2306 =
1338 2281 1397 2315 Ls)
1420 2280 1560 2312 Gna-litt:

234 2324 380 2354 iudicant
398 2323 438 2354 M
451 2324 538 2363 vulg.
631 2333 674 2353 20
698 2333 775 2353 esse
793 2323 908 2353 utilem
927 2323 976 2351 A'J
995 2322 1081 2353 Crat.
1100 2323 1301 2363 (f01·t.=Ls)
1321 2323 1461 2355 Gurlitt:
1485 2335 1560 2355 esse

235 2368 334 2397 debet
351 2366 403 2395 llll
421 2378 427 2396 ε
451 2377 527 2397 6556
545 2366 597 2397 M2
614 2379 620 2398 :
645 2377 719 2397 6556
734 2366 857 2397 debere
875 2365 939 2396 cod.
962 2365 1151 2397 Dresdensz's
1268 2376 1308 2406 25
1333 2368 1476 2398 detineri
1493 2368 1557 2399 cod.

236 2410 501 2450 Guelferbytanus
