1871 2782
155 584 172 616 5

137 907 174 929 10

137 1650 176 1672 20

617 161 730 199 EPP.
761 161 839 198 AD
868 162 1104 200 BRVTVM
1484 163 1614 202 1.iiia

235 281 345 319 IIIa
514 286 582 320 Scr.
604 286 733 319 Romae
748 298 767 319 v
782 287 858 319 Kal.
879 287 960 320 Mai.
981 300 1011 320 α.
1035 299 1089 329 711
1108 290 1185 329 (45).

617 364 786 396 CICERO
807 364 970 396 BRVTO
991 365 1098 397 SAL.

249 441 442 480 Consules
470 443 570 481 duos
596 442 724 481 bonos
751 441 922 492 quidem,
947 443 1016 480 sed
1043 443 1244 481 dumtaxat
1272 443 1399 483 bonos
1429 457 1519 482 con·
1537 445 1596 498 (4)

193 506 296 544 sules
326 506 539 544 amisimus.
599 506 752 545 Hirtius
784 506 945 556 quidem
979 506 1019 544 in
1053 506 1138 557 ipsa
1171 507 1332 546 victoria
1361 508 1516 556 occidit,

193 582 284 607 curn
305 570 439 620 paucis
455 570 594 609 diebus
610 578 701 609 ante
718 584 861 621 magno
876 571 1026 621 proelio
1042 571 1206 610 vicisset.
1268 574 1371 610 Nam
1394 575 1520 611 Pansa

193 634 341 683 fugerat
361 635 586 674 vulneribus
598 635 770 685 acceptis
787 649 887 685 quae
903 637 1000 674 ferre
1018 650 1097 674 non
1119 637 1256 686 potuit.
1318 637 1519 687 Reliquias

193 698 366 736 hostium
388 701 530 738 Brutus
544 700 788 750 persequitur
800 708 838 739 et
853 701 1005 740 Caesar.
1065 702 1214 739 Hostes
1233 709 1365 739 autem
1382 715 1519 740 omnes

193 761 354 801 iudicati
385 763 452 813 qui
483 765 538 802 M.
571 763 721 802 Antoni
749 772 895 803 sectam
925 764 1048 803 secuti
1080 773 1179 812 sunt,
1212 765 1332 815 idque
1362 774 1519 804 senatus

193 828 418 865 consultum
455 828 630 878 plerique
668 828 969 879 interpretantur
1007 828 1123 868 etiam
1153 831 1203 868 ad
1234 838 1322 868 tuos
1353 830 1432 868 sive
1462 844 1521 868 ca-

193 891 321 941 ptivos
359 892 440 931 sive
478 893 685 934 dediticios
725 894 926 944 pertinere.
987 895 1184 944 Equidem
1219 894 1317 932 nihil
1357 894 1520 933 disserui

193 955 328 994 durius
357 970 449 995 curn
478 958 712 997 nominatim
742 960 792 998 de
827 960 870 998 C.
903 959 1081 998 Antonio
1112 961 1375 1006 decernerem,
1413 960 1521 1009 quod

193 1020 246 1059 ita
262 1028 482 1071 statueram,
501 1036 524 1062 a
544 1030 581 1062 te
602 1037 839 1074 cognoscere
855 1037 1012 1062 causam
1029 1023 1111 1063 eius
1128 1031 1307 1062 senatum
1329 1031 1518 1074 oportere.

192 1086 241 1125 V.
266 1087 315 1125 K.
340 1086 478 1126 Maias.

236 1220 302 1255 IV
423 1223 491 1256 Scr.
511 1223 674 1265 Dyrrachi
686 1225 722 1256 iii
736 1228 794 1255 aut
803 1224 888 1266 prid.
907 1224 955 1255 Id.
975 1223 1056 1256 Mai.
1077 1234 1107 1255 a.
1131 1233 1187 1263 711
1206 1223 1286 1265 (4j).

578 1301 759 1332 BRVTVS
785 1301 1010 1332 CICERONI
1038 1300 1135 1333 SAL.

248 1379 407 1427 Quanta
436 1377 510 1417 sim
538 1377 685 1417 laetitia
713 1379 891 1417 adfectus
921 1377 1086 1428 cognitis
1115 1377 1231 1416 rebus
1262 1377 1371 1416 Bruti
1402 1377 1522 1416 nostri
1542 1389 1559 1416 1

194 1448 232 1480 et
251 1444 458 1480 consulum
479 1442 629 1481 facilius
650 1449 708 1481 est
735 1442 806 1481 tibi
830 1442 1048 1481 existimare
1072 1455 1191 1492 quarn
1219 1441 1315 1479 mihi
1343 1441 1520 1481 scribere.

195 1508 298 1546 Cum
318 1506 393 1545 alia
412 1509 531 1547 laudo
551 1515 589 1546 et
609 1508 763 1558 gaudeo
783 1507 982 1554 accidisse,
1007 1515 1089 1545 turn
1111 1508 1219 1557 quod
1241 1506 1351 1544 Bruti
1371 1506 1524 1556 eruptio

194 1585 275 1610 non
296 1573 423 1610 solum
445 1572 517 1623 ipsi
539 1572 715 1611 salutaris
735 1572 808 1610 fuit
828 1573 898 1611 sed
918 1572 1035 1611 etiarn
1057 1571 1227 1609 maximo
1247 1572 1298 1610 ad
1319 1571 1521 1610 victoriam

193 1636 434 1676 adiumento.
506 1638 627 1686 Quod
659 1637 795 1676 scribis
830 1636 925 1675 mihi
957 1637 1072 1675 trium
1104 1636 1368 1675 Antoniorum
1401 1650 1519 1674 unam
1540 1647 1564 1675 2

193 1709 312 1752 atque
346 1703 514 1741 eandem
546 1716 705 1741 causam
738 1716 833 1750 esse,
867 1702 963 1752 quid
993 1715 1065 1752 ego
1098 1701 1263 1740 sentiam
1294 1701 1371 1739 mei
1401 1700 1521 1739 iudici

194 1781 302 1806 esse:
350 1775 479 1806 statuo
517 1767 614 1806 nihil
646 1767 721 1806 nisi
760 1769 846 1815 hoc,
881 1775 1038 1806 senatus
1070 1775 1136 1805 aut
1175 1766 1311 1817 populi
1350 1765 1524 1804 Romani

194 1831 384 1870 iudicium
411 1845 496 1870 esse
526 1833 576 1871 de
605 1832 650 1870 iis
676 1832 826 1871 civibus
854 1832 921 1882 qui
949 1840 1168 1882 pugnantes
1189 1845 1269 1869 non
1297 1830 1521 1868 interierint.

198 1899 272 1935 ‘At
292 1898 368 1935 hoc
389 1896 538 1947 ipsum’
569 1897 722 1947 inquies
753 1897 907 1947 ‘inique
934 1897 1027 1935 facis
1058 1896 1125 1946 qui
1156 1895 1306 1934 hostilis
1335 1894 1455 1932 animi
1485 1894 1525 1932 in

163 1977 173 1982 ·
195 1976 276 2001 rem
306 1962 506 2012 publicam
538 1963 718 2001 homines
748 1961 842 2000 civis
871 1963 1068 2011 appelles.'
1141 1962 1271 1998 Immo
1301 1958 1522 1997 iustissime.

197 2028 317 2077 Quod
338 2027 443 2067 enim
465 2028 644 2066 nondum
672 2035 829 2065 senatus
853 2026 1005 2065 censuit
1026 2039 1099 2064 nec
1119 2027 1289 2075 populus
1318 2026 1523 2063 Romanus

237 2135 257 2165 3
281 2125 414 2156 Novam
432 2130 478 2166 ep.
500 2125 633 2165 agnovit
642 2124 754 2155 Ruele.
795 2122 893 2154 Verba
909 2123 1080 2163 (consules
1096 2147 1104 2154 .
1124 2146 1131 2154 .
1153 2147 1160 2154 .
1177 2123 1319 2162 Caesar)
1328 2121 1522 2162 peculiarem

193 2180 259 2200 csse
273 2169 447 2210 epistulam
460 2173 559 2209 putat
577 2168 614 2199 O.
635 2168 674 2198 E.
691 2167 851 2205 Schmidt,
870 2171 965 2198 cetera
978 2170 1086 2196 tamen
1105 2166 1250 2204 (Hostes
1266 2190 1273 2196 .
1288 2190 1294 2196 .
1313 2190 1319 2196 .
1343 2166 1461 2198 Maias)
1480 2164 1528 2194 czd

194 2218 238 2252 cp.
257 2223 277 2252 3
298 2215 313 2250 ξ
331 2223 351 2252 3
368 2211 578 2253 adiungenda
594 2222 657 2242 esse
786 2221 806 2250 3
830 2211 935 2240 bonos
953 2210 1027 2240 illos
1045 2210 1178 2249 quidem
1199 2209 1238 2240 O.
1258 2209 1300 2240 E.
1320 2208 1469 2240 Schmidt
1484 2219 1523 2238 ex

197 2256 440 2296 Guelscrbytano
454 2256 512 2295 qui
524 2255 616 2285 habet
628 2255 734 2285 bonos
750 2265 825 2284 esse
842 2255 987 2292 quidem,
1006 2253 1090 2283 unde
1100 2255 1207 2283 bonos
1220 2262 1276 2282 css
1292 2255 1303 2292 <s
1314 2268 1339 2277 z
1350 2251 1519 2289 consules)

194 2299 330 2338 quidem
357 2300 467 2330 conicit
496 2299 618 2330 Gurlitt
749 2298 904 2328 consules
931 2307 997 2327 om.
1017 2296 1069 2326 Α2
1099 2297 1185 2327 Crat.
1203 2296 1316 2337 vttlg.;
1351 2295 1408 2326 scd
1432 2295 1525 2325 hahet

896 2340 923 2366 id

196 2376 267 2407 MC
279 2377 338 2406 alii
477 2377 496 2406 8
521 2376 621 2415 idque
644 2374 849 2415 Wcscnbeyg:
875 2375 987 2414 itaque
1005 2373 1062 2405 M:
1090 2374 1201 2413 itaque
1220 2373 1251 2403 id
1269 2372 1356 2413 vulg.
1485 2381 1522 2410 13

195 2429 217 2449 v
236 2419 273 2450 O.
293 2420 330 2451 E.
351 2419 500 2451 Schmidt
522 2431 528 2450 z
554 2429 574 2450 x
593 2419 634 2449 Μ
