1871 2782
394 160 949 200 COMMENTARIOLVM
980 162 1304 200 PETITIONIS
1463 171 1500 198 11
1519 175 1559 208 41

188 271 356 322 publica.
417 271 589 310 Primum
621 272 729 321 quod
763 271 868 318 facis,
904 279 946 309 ut
978 272 1158 311 homines
1192 272 1308 320 noris,
1342 272 1516 323 significa
1535 289 1574 321 42

189 345 231 375 ut
251 345 445 387 appareat,
469 344 506 375 et
526 350 624 387 auge
645 345 687 374 ut
707 336 853 374 cotidie
884 336 1022 375 melius
1047 338 1123 375 fiat.
1183 338 1292 376 Nihil
1320 338 1414 375 mihi
1437 345 1516 376 tarn

188 403 376 451 populare
415 415 544 451 neque
582 409 661 438 tam
698 408 850 450 gratum
898 400 1059 439 videtur.
1139 401 1295 440 Deinde
1334 402 1373 441 id
1408 404 1516 452 quod

189 474 326 503 natura
356 479 436 503 non
467 466 588 503 habes
618 465 738 503 induc
772 464 812 502 in
841 464 1017 503 animum
1048 465 1099 503 ita
1131 466 1397 505 simulandum
1432 480 1517 506 esse

151 537 231 576 5ut
270 538 407 568 natura
447 531 572 568 facere
611 529 777 568 videare.
838 530 1091 579 Quamquam
1129 530 1341 581 plurimum
1380 538 1518 569 natura

189 596 301 641 valet,
335 602 467 633 tamen
496 594 649 632 videtur
681 594 721 631 in
756 607 970 644 paucorum
1000 608 1181 632 mensum
1215 595 1374 645 negotio
1402 609 1518 646 posse

190 658 386 696 simulatio
407 667 585 697 naturam
605 658 771 697 vincere.
831 660 934 697 Nam
956 659 1120 697 comitas
1141 659 1211 697 tibi
1232 673 1312 697 non
1333 661 1454 707 deest,
1473 674 1519 699 ea

189 736 290 772 quae
311 724 418 761 bono
443 737 489 762 ac
517 722 623 761 suavi
648 722 809 761 homine
835 723 954 773 digna
977 731 1045 770 est,
1069 725 1138 762 sed
1162 737 1261 774 opus
1289 732 1346 762 est
1376 738 1519 775 magno

190 800 306 836 opere
328 788 528 835 blanditia,
552 801 652 838 quae
673 788 791 826 etiam
815 787 847 826 si
871 788 1009 826 vitiosa
1037 795 1095 826 est
1124 796 1162 827 et
1189 788 1310 839 turpis
1331 789 1370 826 in
1391 797 1519 828 cetera

132 866 171 888 10
191 851 278 898 vita,
319 859 451 891 tamen
499 853 539 890 in
587 852 776 903 petitione
825 860 882 891 est
925 853 1152 891 necessaria.
1231 854 1389 892 Etenim
1428 868 1519 893 cum

190 916 423 955 deteriorem
443 917 615 967 aliquem
640 919 888 956 adsentando
910 917 1010 964 facit,
1034 925 1116 955 tum
1138 918 1317 968 improba
1337 926 1404 965 est,
1428 932 1519 957 cum

189 980 427 1028 amiciorem,
464 995 544 1019 non
577 990 657 1020 tam
687 982 954 1033 vituperanda,
991 982 1146 1033 petitori
1176 996 1268 1021 vero
1302 982 1520 1022 necessaria

189 1052 258 1092 est,
281 1044 391 1083 cuius
416 1047 522 1084 frons
552 1054 589 1084 et
619 1048 747 1085 vultus
777 1054 815 1085 et
845 1060 972 1085 sermo
1001 1048 1052 1085 ad
1082 1061 1216 1085 eorum
1246 1061 1520 1098 quoscumque

189 1110 416 1149 convenerit
441 1124 599 1149 sensum
627 1119 664 1149 et
691 1113 933 1149 voluntatem
968 1113 1273 1150 commutandus
1301 1120 1338 1150 et
1367 1126 1520 1151 accom-

133 1188 169 1220 15
190 1175 413 1214 modandus
445 1183 512 1214 est.
585 1177 669 1213 Iam
700 1175 946 1214 adsiduitatis
981 1177 1132 1213 nullum
1164 1184 1221 1214 est
1252 1184 1516 1227 praeceptum,
1537 1191 1579 1223 43

189 1239 352 1277 verbum
381 1238 510 1289 ipsum
540 1240 657 1277 docet
687 1253 787 1289 quae
814 1253 873 1277 res
903 1239 961 1277 sit.
1022 1241 1187 1278 Prodest
1216 1241 1377 1290 quidem
1406 1243 1520 1280 vehe-

189 1311 341 1342 menter
387 1316 582 1353 nusquam
630 1303 844 1350 discedere,
886 1305 956 1342 sed
1003 1311 1136 1343 tamen
1175 1305 1238 1343 hic
1276 1307 1423 1344 fructus
1461 1314 1520 1345 est

188 1367 446 1415 adsiduitatis,
487 1381 568 1406 non
607 1370 735 1406 solum
774 1382 859 1421 esse
899 1371 1052 1407 Romae
1091 1377 1210 1419 atque
1248 1370 1288 1408 in
1327 1373 1411 1409 foro
1450 1373 1520 1411 sed

188 1432 354 1472 adsidue
373 1440 515 1483 petere,
539 1446 655 1483 saepe
682 1434 844 1472 eosdem
873 1435 1078 1484 appellare,
1101 1448 1182 1472 non
1203 1436 1448 1475 committere
1477 1444 1519 1475 ut

131 1514 171 1536 20
190 1498 397 1548 quisquam
424 1497 548 1548 possit
575 1497 716 1546 dicere,
739 1499 883 1548 †quod
911 1498 993 1537 eius
1020 1499 1209 1549 consequi
1236 1500 1372 1550 possis,
1396 1500 1427 1539 si
1447 1502 1517 1539 abs

190 1570 227 1601 te
255 1576 335 1601 non
363 1562 410 1600 sit
437 1570 614 1612 rogatum
636 1567 657 1603 †
682 1570 720 1601 et
743 1564 858 1601 valde
888 1577 934 1601 ac
967 1563 1173 1614 diligenter
1198 1572 1387 1614 rogatum.
1447 1568 1518 1605 Be·
1536 1577 1580 1610 44

189 1627 356 1677 nignitas
376 1635 506 1666 autem
535 1629 611 1666 late
638 1636 754 1678 patet.
815 1630 886 1666 Est
915 1628 955 1666 in
984 1643 1024 1667 re
1053 1629 1240 1676 familiari,
1264 1643 1365 1680 quae
1385 1644 1519 1681 quam-

189 1705 308 1742 quam
346 1693 397 1730 ad
437 1691 730 1731 multitudinem
768 1693 970 1743 pervenire
1004 1707 1084 1731 non
1122 1702 1262 1744 potest,
1299 1702 1430 1733 tamen
1468 1696 1519 1734 ab

189 1757 325 1795 amicis
353 1758 391 1795 si
415 1758 606 1804 laudatur,
638 1757 881 1796 multitudini
911 1766 1019 1809 grata
1048 1766 1105 1797 est
1122 1774 1131 1807 3
1161 1767 1219 1798 est
1248 1759 1287 1797 in
1317 1760 1517 1808 conviviis,

133 1838 169 1869 ²5
190 1835 291 1872 quae
312 1823 371 1860 fac
392 1829 430 1860 et
450 1823 519 1860 abs
541 1830 578 1861 te
599 1830 637 1861 et
656 1824 707 1861 ab
727 1823 863 1861 amicis
885 1823 960 1862 tuis
977 1824 1301 1862 concelebrentur
1316 1832 1354 1863 et
1374 1825 1520 1875 passim

191 1894 230 1926 et
262 1886 465 1934 tributim,
495 1894 553 1925 est
587 1886 705 1925 etiam
736 1887 777 1925 in
811 1901 939 1938 opera,
977 1902 1096 1938 quam
1130 1890 1314 1938 pervulga
1348 1897 1386 1927 et
1416 1903 1521 1929 com—

239 2000 251 2020 1
278 1994 353 2020 mzte
368 1989 456 2028 quod
474 1988 549 2020 add.
570 1989 602 2019 id
621 1989 693 2020 dett.
799 1999 861 2029 5-7
887 1991 1096 2030 Quamquam
1116 2015 1122 2022 .
1142 2016 1149 2022 .
1169 2016 1176 2022 .
1196 1992 1333 2023 vincere
1350 1993 1401 2023 hic
1415 1997 1519 2024 trans-

186 2034 296 2074 posuit
311 2044 350 2063 ex
367 2036 380 2070 ξ
401 2043 412 2062 1
433 2032 604 2063 Pantanus
727 2043 766 2062 10
790 2038 843 2063 est
860 2034 934 2065 add.
955 2034 1037 2075 Lag.
1059 2045 1101 2073 50
1173 2035 1304 2066 Etenim
1322 2035 1462 2069 Lamb.:
1486 2043 1519 2068 te

191 2077 280 2107 enim
297 2076 382 2106 FH:
404 2076 462 2105 tibi
481 2077 568 2106 enim
583 2075 656 2107 dett.
673 2088 680 2107 :
701 2086 739 2106 ea
756 2077 844 2107 enim
856 2078 1011 2108 Bz'iclteler
1100 2089 1133 2109 11
1156 2083 1225 2109 tum
1239 2090 1303 2110 om.
1319 2080 1388 2110 dett.
1481 2091 1519 2120 13

191 2126 223 2150 et
241 2120 333 2150 frons
353 2125 386 2149 et
404 2119 474 2150 dell.
584 2121 623 2149 16
646 2120 852 2159 verbumque
877 2121 946 2152 dell.
1054 2132 1135 2152 2071
1162 2124 1250 2161 quod
1268 2124 1340 2153 eius
1358 2125 1519 2163 consequi

192 2163 299 2203 possis
316 2173 352 2193 se
370 2163 427 2193 abs
446 2167 479 2192 te
503 2173 570 2192 non
589 2172 664 2193 csse
683 2168 836 2201 rogatum
859 2169 892 2195 et
910 2165 1006 2195 valde
1030 2164 1113 2205 Lag.
1134 2175 1194 2204 50:
1219 2167 1308 2205 quod
1333 2167 1405 2197 eius
1429 2172 1520 2198 esset

192 2211 225 2236 te
243 2207 401 2246 consequi
430 2207 579 2244 potuisse
606 2207 634 2237 si
662 2207 723 2236 abs
739 2211 772 2236 te
796 2217 863 2237 non
893 2213 1044 2246 rogatum
1069 2214 1197 2239 tantum
1226 2214 1315 2240 esset
1336 2211 1396 2241 sed
1420 2211 1519 2242 valde

191 2250 338 2288 Kayser:
370 2255 402 2280 te
419 2250 504 2288 quod
522 2250 606 2279 velis
629 2251 787 2289 consequi
805 2261 906 2289 posse
926 2253 988 2291 (vel
1002 2262 1068 2282 non
1088 2254 1202 2291 posse)
1222 2253 1251 2283 si
1273 2253 1332 2284 abs
1348 2259 1380 2284 te
1399 2255 1440 2284 sit
1458 2254 1522 2288 (vel

193 2303 258 2322 non
278 2293 332 2326 sit]
354 2298 505 2331 rogatum
524 2298 556 2323 et
573 2294 671 2324 valde
688 2295 766 2325 coni.
786 2294 942 2325 Bz‘iclzeler
1084 2307 1125 2326 22
1142 2300 1216 2326 ante
1230 2301 1281 2327 est
1299 2297 1371 2327 add.
1392 2302 1425 2327 et
1440 2297 1513 2329 dett.

192 2346 232 2373 24
257 2336 284 2366 si
302 2336 374 2367 add.
391 2336 480 2366 Koch
494 2348 500 2367 :
522 2341 598 2376 post
613 2342 726 2367 tamen
744 2337 819 2368 add.
834 2339 1003 2369 Biirlzeler:
1022 2338 1102 2377 sort.
1113 2343 1187 2378 post
1202 2344 1312 2370 tamen
1328 2340 1517 2371 addendum

192 2389 266 2409 cum
355 2380 490 2410 laudata
507 2380 657 2411 Bam-ens
821 2391 861 2421 25
886 2383 938 2413 fac
955 2387 988 2413 et
1012 2382 1075 2413 cod.
1107 2382 1268 2414 thrnebi:
1298 2384 1407 2415 facete
1430 2384 1515 2417 FH:

192 2422 243 2452 sae
261 2427 295 2452 ut
313 2427 345 2453 et
364 2422 480 2453 Orelli:
508 2424 608 2455 facito
625 2430 657 2455 et
675 2424 756 2465 Lag.
777 2436 818 2464 50
