1871 2782
276 150 337 192 1.i
657 152 713 189 M.
746 151 913 188 TVLLI
946 151 1253 190 CICERONIS

296 262 364 313 qui
397 269 582 313 praesunt
613 261 708 310 aliis,
742 269 785 301 ut
814 262 839 300 ii
869 262 936 313 qui
965 269 1079 301 erunt
1107 261 1148 300 in
1181 275 1317 301 eorum
1352 260 1517 311 imperio
1546 261 1623 300 sint

295 340 413 377 quam
445 326 685 375 beatissimi;
714 328 823 377 quod
856 327 928 365 tibi
960 334 998 365 et
1031 341 1117 366 esse
1149 326 1467 376 antiquissimum
1501 333 1539 364 et
1572 325 1624 363 ab

294 391 405 429 initio
421 391 552 439 fuisse,
568 399 610 429 ut
626 391 795 442 primum
811 391 947 430 Asiam
967 391 1138 441 attigisti,
1156 397 1363 429 constante
1383 391 1487 428 fama
1505 397 1624 439 atque

293 454 471 493 omnium
504 468 684 494 sermone
715 456 955 494 celebratum
988 463 1056 494 est.
1117 457 1188 493 Est
1219 461 1353 493 autem
1387 467 1468 491 non
1502 454 1623 492 modo

293 519 376 558 eius
410 520 478 570 qui
512 519 627 558 sociis
662 527 699 558 et
733 520 894 568 civibus,
928 521 997 558 sed
1031 519 1149 558 etiam
1181 519 1264 558 eius
1299 518 1364 568 qui
1395 517 1524 565 servis,
1556 518 1623 568 qui
1642 534 1660 566 5

293 584 412 623 mutis
440 584 660 635 pecudibus
690 584 843 635 praesit,
876 598 1012 623 eorum
1047 583 1191 634 quibus
1219 582 1363 633 praesit
1401 582 1623 621 commodis

232 666 270 697 25
293 648 528 699 utilitatique
560 649 710 688 servire.
772 648 896 688 Cuius
929 648 1091 698 quidem
1124 647 1276 698 generis
1315 654 1494 685 constare
1523 646 1624 686 inter

292 713 420 751 omnis
449 712 566 752 video
595 714 666 752 abs
699 721 736 752 te
764 725 959 751 summam
987 711 1166 750 adhiberi
1192 711 1447 761 diligentiam,
1469 713 1622 750 nullum

290 790 355 815 aes
375 777 547 816 alienum
568 791 714 816 novum
736 777 914 815 contrahi
935 776 1172 824 civitatibus,
1184 783 1313 814 vetere
1328 783 1461 813 autem
1477 789 1621 827 magno

290 848 327 879 et
347 841 451 891 gravi
472 843 613 880 multas
640 842 710 880 abs
732 850 769 880 te
790 855 875 880 esse
896 841 1089 888 liberatas,
1112 840 1218 879 urbis
1239 840 1452 891 compluris
1473 840 1620 880 dirutas
1642 858 1682 879 10

287 919 334 944 ac
372 919 498 956 paene
536 908 721 955 desertas,
753 906 791 944 in
825 906 968 957 quibus
1000 918 1120 944 unam
1153 905 1290 944 Ioniae
1320 905 1617 954 nobilissimam,

287 973 448 1010 alteram
489 971 636 1019 Cariae,
678 973 840 1010 Samum
879 978 918 1009 et
958 970 1293 1018 Halicarnassum,
1333 984 1402 1020 per
1448 978 1486 1009 te
1534 985 1620 1010 esse

287 1044 490 1085 recreatas,
512 1038 637 1074 nullas
658 1050 742 1075 esse
759 1036 798 1074 in
820 1035 977 1087 oppidis
997 1036 1225 1084 seditiones,
1241 1037 1367 1074 nullas
1388 1035 1615 1083 discordias,

287 1101 482 1152 provideri
515 1102 585 1139 abs
617 1109 655 1140 te
690 1109 731 1139 ut
761 1101 936 1140 civitates
966 1100 1216 1151 optimatium
1248 1100 1421 1139 consiliis
1453 1101 1620 1140 admini-

287 1173 466 1215 strentur,
509 1167 661 1205 sublata
711 1166 863 1217 Mysiae
910 1166 1128 1213 latrocinia,
1170 1166 1303 1205 caedis
1351 1166 1483 1204 multis
1521 1166 1617 1205 locis
1640 1182 1677 1214 15

286 1245 491 1282 repressas
525 1245 663 1282 pacem
693 1239 774 1270 tota
803 1231 1005 1283 provincia
1033 1231 1297 1278 constitutam,
1329 1245 1460 1282 neque
1488 1233 1617 1270 solum

286 1296 352 1334 illa
396 1296 579 1336 itinerum
618 1305 737 1347 atque
774 1310 956 1347 agrorum
1002 1298 1072 1335 sed
1111 1298 1236 1334 multo
1274 1296 1392 1334 etiam
1431 1298 1542 1346 plura
1580 1304 1618 1334 et

286 1361 434 1400 maiora
472 1361 709 1412 oppidorum
757 1370 795 1400 et
842 1363 1023 1400 fanorum
1066 1361 1270 1400 latrocinia
1311 1375 1397 1400 esse
1439 1362 1617 1411 depulsa,

285 1434 476 1465 remotam
496 1440 519 1465 a
539 1428 642 1466 fama
669 1435 706 1465 et
726 1441 748 1465 a
773 1426 937 1465 fortunis
967 1434 1005 1465 et
1033 1427 1084 1465 ab
1114 1426 1195 1465 otio
1224 1426 1480 1476 locupletium
1510 1426 1616 1464 illam

284 1491 577 1530 acerbissimam
616 1492 832 1530 ministram
872 1499 1095 1542 praetorum
1129 1491 1322 1539 avaritiae,
1363 1491 1613 1538 calumniam,
1639 1507 1676 1528 20

284 1564 463 1607 sumptus
494 1564 532 1595 et
562 1556 705 1595 tributa
737 1556 940 1595 civitatum
974 1557 1025 1595 ab
1055 1556 1241 1595 omnibus
1271 1555 1337 1606 qui
1365 1570 1498 1594 earum
1528 1556 1617 1594 civi-

284 1628 409 1659 tatum
455 1623 553 1660 fines
592 1622 766 1660 incolant
811 1621 965 1660 tolerari
1007 1621 1231 1671 aequaliter,
1277 1620 1482 1659 facillimos
1530 1635 1616 1660 esse

282 1686 412 1725 aditus
442 1688 493 1726 ad
528 1695 578 1735 te,
609 1695 741 1737 patere
772 1687 875 1726 auris
914 1695 1000 1725 tuas
1039 1686 1207 1737 querelis
1245 1686 1436 1734 omnium,
1469 1686 1613 1726 nullius

282 1751 456 1802 inopiam
476 1766 522 1791 ac
543 1752 797 1792 solitudinem
825 1766 905 1791 non
933 1754 1055 1791 modo
1082 1752 1149 1791 illo
1175 1752 1354 1803 populari
1377 1765 1538 1790 accessu
1567 1766 1613 1791 ac

281 1816 465 1855 tribunali
495 1818 565 1856 sed
595 1832 644 1856 ne
674 1819 796 1856 domo
826 1817 988 1868 quidem
1019 1825 1057 1856 et
1087 1817 1271 1855 cubiculo
1300 1830 1385 1856 esse
1415 1819 1611 1856 exclusam
1634 1833 1671 1864 25

281 1889 364 1929 tuo,
384 1889 468 1920 toto
489 1882 661 1932 denique
683 1881 847 1932 imperio
875 1882 973 1920 nihil
999 1882 1186 1920 acerbum
1212 1895 1307 1929 esse,
1331 1881 1428 1919 nihil
1455 1883 1612 1921 crudele

282 1953 399 1995 atque
420 1946 552 1985 omnia
572 1949 689 1997 plena
708 1947 953 1994 clementiae,
974 1946 1297 1994 mansuetudinis,
1320 1946 1584 1986 humanitatis.

225 1994 265 2074 „96
339 2011 542 2059 Quantum
577 2025 668 2050 vero
700 2011 797 2050 illud
829 2019 887 2050 est
922 2011 1158 2050 beneficium
1190 2019 1302 2049 tuum
1334 2012 1443 2061 quod
1476 2011 1612 2062 iniquo

225 2065 240 2074 ⁸
284 2082 322 2112 et
341 2075 444 2124 gravi
469 2075 647 2125 vectigali
676 2076 858 2114 aedilicio
885 2090 977 2114 cum
1001 2076 1152 2126 magnis
1179 2075 1320 2114 nostris
1348 2075 1611 2115 simultatibus

282 2139 417 2177 Asiam
456 2140 650 2179 liberasti!
701 2141 859 2180 Etenim
898 2141 929 2179 si
963 2155 1063 2179 unus
1102 2142 1223 2179 homo
1258 2140 1400 2179 nobilis
1439 2141 1612 2190 queritur
1632 2153 1670 2183 30

280 2206 407 2255 palam
430 2213 478 2252 te,
497 2206 605 2255 quod
627 2205 791 2243 edixeris
812 2219 862 2243 ne
881 2206 932 2243 ad
953 2207 1067 2244 ludos
1088 2205 1279 2256 pecuniae
1295 2207 1607 2253 decernerentur,

327 2309 365 2337 18
390 2308 539 2338 sanorum
556 2307 632 2338 Vict.
648 2320 654 2338 ε
675 2307 839 2338 furtorum
853 2306 912 2338 M:
937 2307 1023 2338 furta
1034 2312 1067 2337 et
1081 2307 1152 2336 RI:
1179 2308 1330 2338 sanorum
1345 2307 1430 2338 furta
1443 2312 1476 2338 et
1489 2307 1608 2341 Lamb.

281 2361 321 2381 22
345 2352 566 2389 aequabiliter
583 2352 670 2390 vulg.
791 2362 831 2389 24
856 2351 1070 2381 solitudinem
1089 2349 1156 2382 M'2,
1175 2351 1212 2389 ts.
1227 2356 1287 2390 pro
1305 2350 1416 2389 Quint.
1435 2361 1453 2389 5
1469 2362 1476 2381 :
1500 2353 1608 2382 solici<

280 2395 430 2425 tudinem
445 2393 494 2423 M¹
511 2406 518 2425 :
544 2395 803 2425 sollicitudinem
821 2394 944 2424 Lz‘nker
1037 2394 1105 2423 ullo
1122 2392 1242 2424 Lamb.
1347 2396 1388 2424 26
1413 2395 1446 2424 in
1466 2396 1608 2435 imperio

281 2442 350 2468 vett.
373 2438 408 2476 ‘s
429 2448 459 2468 2.
480 2448 496 2477 7
630 2449 672 2477 29
695 2438 852 2469 aedilicio
869 2447 943 2469 cum
959 2435 1184 2469 Liinemann:
1209 2437 1439 2469 aediliciorum
1458 2438 1499 2469 M
