1871 2782
446 165 558 202 EPP.
590 165 668 201 AD
699 164 965 213 QVINTVM
997 165 1271 204 FRATREM
1469 165 1534 204 Li

195 274 381 313 videatur.
442 276 590 321 Nullas,
609 282 651 312 ut
671 274 820 324 opinor,
840 274 1000 313 insidias
1021 275 1204 323 hostium,
1228 277 1373 314 nullam
1396 277 1517 326 proeli

196 339 501 388 dimicationem,
516 341 663 378 nullam
680 339 942 378 defectionem
957 340 1163 388 sociorum,
1179 343 1326 380 nullam
1344 341 1517 392 inopiam

194 404 365 454 stipendi
394 413 460 443 aut
490 404 543 443 rei
573 403 856 452 frumentariae,
889 406 1035 443 nullam
1067 405 1300 444 seditionem
1328 406 1518 445 exelcitus

193 469 516 520 pertimescimus,
534 483 634 519 quae
650 482 836 519 persaepe
857 469 1152 519 sapientissimis
1173 471 1260 508 viris
1276 470 1515 518 acciderunt,

155 547 172 579 5
194 541 246 581 ut,
270 547 388 583 quem
414 535 465 571 ad
493 535 656 572 modum
682 533 961 583 gubernatores
992 534 1130 584 optimi
1157 535 1234 572 vim
1263 535 1516 585 tempestatis,

194 598 248 637 sic
269 598 323 636 illi
351 600 528 638 fortunae
557 598 748 648 impetum
774 612 954 647 superare
979 613 1059 637 non
1081 607 1250 649 possent.
1310 599 1402 637 Tibi
1426 601 1519 637 data

193 670 251 701 est
276 676 430 701 summa
458 676 542 713 pax,
572 675 726 700 summa
755 662 1022 712 tranquillitas,
1049 663 1102 701 ita
1131 671 1262 701 tamen
1290 671 1331 701 ut
1361 677 1407 701 ea
1433 665 1519 702 dor-

194 727 381 766 mientem
410 728 710 777 gubernatorem
738 729 798 766 vel
828 728 1003 776 obruere,
1026 728 1250 778 vigilantem
1278 727 1394 765 etiam
1416 729 1519 766 dele-

193 800 297 830 ctare
331 791 464 842 possit.
524 793 690 831 Constat
724 791 829 830 enim
869 805 915 830 ea
953 792 1153 842 provincia
1186 791 1355 842 primum
1390 806 1436 831 ex
1470 805 1517 831 eo
1537 803 1556 834 6

135 870 174 893 10
192 869 334 905 genere
368 856 564 894 sociorum
595 857 703 906 quod
738 864 795 895 est
825 871 872 895 ex
903 857 1109 895 hominum
1141 857 1249 895 omni
1280 870 1421 907 genere
1450 859 1519 895 hu-

194 920 476 967 manissimum,
513 920 658 959 deinde
689 934 735 959 ex
773 935 821 959 co
859 934 999 971 genere
1034 921 1177 959 civium
1209 921 1275 971 qui
1309 929 1376 959 aut
1410 923 1520 971 quod

193 984 392 1034 publicani
433 992 523 1023 sunt
571 999 642 1023 nos
683 999 837 1024 summa
884 986 1174 1024 necessitudine
1216 986 1412 1035 attingunt
1451 994 1519 1024 aut

193 1051 302 1098 quod
333 1049 385 1087 ita
416 1049 664 1099 negotiantur
701 1057 743 1087 ut
782 1052 997 1100 locupletes
1029 1050 1104 1088 sint
1137 1050 1257 1088 nostri
1292 1052 1518 1089 consulatus

193 1114 387 1152 beneficio
428 1128 469 1152 se
509 1113 717 1152 incolumis
761 1116 935 1152 fortunas
978 1115 1122 1153 habere
1162 1114 1405 1152 arbitrantur.
1464 1116 1517 1152 At

135 1191 173 1222 15
193 1177 298 1215 enim
320 1178 419 1216 inter
439 1179 510 1216 hos
531 1178 637 1227 ipsos
664 1177 853 1216 exsistunt
882 1192 1015 1228 graves
1043 1177 1339 1225 controversiae,
1372 1180 1518 1217 multae

193 1249 407 1280 nascuntur
453 1241 626 1289 iniuriae,
676 1255 841 1291 magnae
889 1242 1162 1280 contentiones
1210 1250 1514 1291 consequuntur.

194 1306 318 1355 Quasi
339 1319 431 1345 vero
444 1320 516 1356 ego
533 1305 573 1344 id
589 1313 723 1356 putem
741 1319 821 1344 non
838 1314 875 1344 te
895 1306 1139 1356 aliquantum
1162 1306 1293 1355 negoti
1315 1306 1514 1345 sustinere.

193 1373 385 1422 Intellego
409 1384 666 1421 permagnum
693 1384 777 1409 esse
805 1371 1005 1421 negotium
1033 1379 1071 1409 et
1092 1370 1249 1409 maximi
1274 1370 1424 1418 consili,
1448 1372 1515 1410 sed

192 1444 393 1475 memento
427 1435 566 1474 consili
601 1449 663 1474 me
698 1437 774 1474 hoc
806 1449 890 1474 esse
922 1435 1123 1486 negotium
1159 1435 1281 1486 magis
1315 1435 1516 1486 aliquanto

134 1519 173 1541 20
192 1515 311 1552 quam
343 1502 521 1542 fortunae
558 1508 705 1551 putare.
765 1500 874 1550 Quid
913 1508 971 1539 est
1009 1500 1113 1539 enim
1146 1501 1277 1551 negoti
1317 1500 1517 1539 continere

191 1580 260 1606 eos
299 1566 441 1617 quibus
480 1565 636 1616 praesis,
671 1565 701 1604 si
734 1573 771 1604 te
810 1565 893 1616 ipse
931 1565 1164 1604 contineas?
1212 1566 1260 1604 Id
1298 1573 1429 1604 autem
1469 1565 1516 1603 sit

192 1644 378 1681 magnum
400 1639 438 1669 et
459 1630 615 1669 difficile
641 1629 787 1678 ceteris,
811 1630 866 1668 sic
891 1637 933 1668 ut
960 1638 1017 1668 est
1044 1629 1345 1678 difficillimum3
1387 1629 1457 1668 tibi
1479 1637 1517 1668 et

193 1696 265 1735 fuit
285 1698 361 1734 hoc
382 1709 536 1745 semper
555 1695 784 1733 facillimum
806 1702 844 1733 et
864 1708 956 1733 vero
977 1708 1061 1733 esse
1082 1694 1229 1742 debuit,
1248 1694 1359 1732 cuius
1379 1701 1518 1732 natura

192 1761 278 1800 talis
317 1768 375 1799 est
412 1768 455 1799 ut
493 1760 611 1799 etiam
650 1760 733 1799 sine
771 1760 950 1799 doctrina
982 1760 1158 1798 videatur
1192 1761 1393 1798 moderata
1431 1772 1516 1796 esse

135 1843 172 1874 25
192 1826 377 1876 potuisse,
403 1839 449 1875 ea
477 1834 607 1863 autem
638 1824 815 1863 adhibita
843 1824 1021 1863 doctrina
1050 1832 1107 1863 est
1136 1838 1237 1874 quae
1266 1826 1326 1862 vel
1355 1823 1517 1861 vitiosis-

192 1891 332 1929 simam
367 1899 543 1929 naturam
577 1892 753 1928 excolere
784 1890 917 1940 possit.
977 1892 1038 1927 Tu
1070 1902 1159 1927 curn
1192 1888 1392 1938 pecuniae,
1424 1901 1514 1926 cum

191 1955 393 2005 voluptati,
425 1969 515 1993 cum
546 1955 724 1993 omnium
754 1968 881 1992 rerum
912 1953 1116 2004 cupiditati
1145 1953 1309 2000 resistes,
1335 1960 1377 1991 ut
1406 1952 1512 2000 facis,

192 2019 273 2067 erit,
310 2020 439 2065 credo,
476 2018 693 2069 periculum
724 2032 774 2057 ne
805 2019 1029 2069 improbum
1068 2017 1362 2068 negotiatorem,
1395 2019 1514 2067 paulo

191 2083 435 2134 cupidiorem
478 2083 732 2134 publicanum
781 2082 1039 2132 comprimere
1082 2095 1163 2120 non
1210 2081 1360 2132 possis!
1409 2083 1514 2120 Nam

133 2159 172 2193 30
192 2148 331 2188 Graeci
356 2148 518 2198 quidem
539 2148 594 2186 sic
615 2155 653 2186 te
676 2147 729 2186 ita
748 2147 944 2186 viventem
965 2147 1221 2185 intuebuntur
1244 2154 1287 2184 ut
1313 2147 1514 2196 quendam

190 2227 237 2252 ex
256 2213 457 2252 annalium
478 2212 668 2251 memoria
686 2220 753 2251 aut
774 2212 891 2251 etiam
912 2214 962 2251 de
983 2214 1092 2250 caelo
1112 2211 1290 2250 divinum
1311 2210 1515 2250 hominem

190 2291 276 2318 esse
308 2278 348 2317 in
383 2278 625 2330 provinciam
660 2279 865 2328 delapsum
897 2284 1046 2328 putent.
1104 2279 1238 2326 Atque
1272 2278 1369 2315 haec
1408 2288 1514 2314 nunc
1535 2287 1553 2317 8

235 2392 252 2420 7
277 2383 395 2413 eadem
411 2381 534 2412 Maller
547 2382 625 2411 olim
835 2382 877 2411 26
901 2380 1055 2411 excolere
1075 2378 1272 2410 Cratander:
1297 2379 1450 2410 accolere
1468 2379 1517 2410 vel

189 2425 331 2456 attolere
348 2424 389 2454 M
474 2429 590 2465 posset
607 2423 749 2465 Madvig
878 2434 916 2463 27
943 2423 1123 2463 voluptatis
1144 2422 1333 2464 lVesenberg

1390 2476 1429 2507 1*
