1871 2782
291 152 328 179 11
349 158 389 188 44
716 139 764 187 Q.
796 139 965 175 TVLLr
996 137 1302 176 CICERONIS

342 251 510 298 munim,
533 263 704 300 curaque
726 257 768 288 ut
786 249 916 289 aditus
936 251 987 288 ad
1008 257 1045 288 te
1066 249 1195 288 diurni
1216 248 1477 298 nocturnique
1498 256 1667 299 pateant,

341 330 471 366 neque
505 318 631 354 solum
666 315 814 354 foribus
848 315 1007 354 aedium
1041 323 1194 353 tuarum
1230 315 1298 352 sed
1333 314 1451 352 etiam
1485 316 1594 352 vultu
1625 327 1670 352 ac

340 382 478 428 fronte,
502 394 603 431 quae
633 388 691 419 est
719 380 841 418 animi
870 380 988 418 ianua
1003 394 1013 428 3
1043 394 1143 430 quae
1163 381 1200 418 εἰ
1217 379 1407 429 significat
1428 381 1671 417 voluntatem

339 446 517 484 abditam
564 460 649 485 esse
695 460 741 484 ac
788 453 988 493 retrusam,
1028 445 1135 495 parvi
1183 446 1296 483 refert
1343 452 1475 494 patere
1513 444 1668 482 ostium.

342 511 540 549 Homines
570 511 675 549 enim
706 525 787 549 non
822 512 943 549 modo
972 510 1146 560 promitti
1176 509 1260 557 sibi„
1297 509 1523 560 praesertim
1562 511 1671 559 quod
1691 525 1708 558 5

341 577 392 614 de
412 576 624 615 candidato
653 584 799 627 petant,
823 577 892 614 sed
919 575 1036 614 etiam
1064 577 1166 625 large
1195 582 1314 624 atque
1343 574 1558 613 honorifice
1588 588 1673 624 pro-

281 654 322 685 45
343 640 443 679 mitti
472 643 619 680 volunt.
679 643 771 690 Qua
801 655 840 679 re
875 642 951 679 hoc
985 640 1146 690 quidem
1176 640 1288 678 facile
1318 647 1571 690 praeceptum
1600 647 1668 686 est,

341 713 383 743 ut
411 707 519 755 quod
540 707 710 744 facturus
731 705 782 743 sis
803 705 842 743 id
864 705 1058 755 significes
1080 712 1117 742 te
1138 703 1313 742 studiose
1333 717 1378 741 ac
1399 704 1566 742 libenter
1586 718 1670 743 esse

339 772 558 819 facturumg
597 770 695 809 illud
733 770 928 808 difficilius
962 778 1000 808 et
1035 770 1157 820 magis
1191 771 1241 808 ad
1273 777 1427 819 tempus
1460 783 1579 819 quam
1618 771 1669 808 ad

339 843 517 873 naturam
546 836 894 874 accommodatum
922 843 1041 882 tuam,
1073 835 1182 885 quod
1209 836 1335 876 facere
1362 847 1443 872 non
1466 834 1602 884 possis,
1627 841 1669 872 ut
1691 849 1730 872 10

338 900 404 940 id†
435 899 607 938 iucunde
641 904 785 950 neges†
816 913 985 949 quorum
1018 901 1183 938 alterum
1219 906 1277 937 est
1307 906 1439 937 tamen
1468 898 1564 937 boni
1586 898 1667 947 viri,

337 967 503 1005 alterum
524 965 618 1004 boni
639 965 825 1016 petitoris.
886 968 990 1004 Nam
1018 979 1109 1004 cum
1130 965 1170 1003 id
1191 964 1343 1015 petitur,
1368 966 1476 1014 quod
1505 966 1670 1003 honeste

337 1039 404 1069 aut
445 1029 562 1083 [non]
602 1030 686 1069 sine
728 1030 966 1069 detrimento
1006 1029 1099 1084 [est]
1140 1037 1274 1068 nostro
1321 1029 1547 1080 promittere
1589 1043 1671 1068 non

338 1109 558 1145 possumus,
578 1110 657 1146 quo
679 1098 800 1135 modo
821 1096 852 1134 si
873 1096 940 1146 qui
961 1103 1069 1145 roget
1090 1103 1131 1133 ut
1152 1102 1288 1135 contra
1306 1093 1478 1132 amicum
1498 1093 1670 1144 aliquem

339 1174 498 1199 causam
520 1161 765 1211 recipiamus,
781 1162 883 1200 belle
904 1162 1130 1210 negandum
1152 1168 1221 1207 est,
1237 1167 1279 1198 ut
1300 1160 1485 1198 ostendas
1506 1160 1672 1198 necessi-
1693 1178 1729 1209 15

280 1265 322 1291 12
340 1225 531 1273 tudinem,
565 1227 811 1265 demonstres
850 1240 969 1276 quam
1009 1228 1172 1264 moleste
1211 1227 1320 1272 feras,
1355 1224 1440 1263 aliis
1479 1232 1516 1263 te
1555 1227 1670 1264 rebus

279 1316 322 1355 46
340 1298 581 1328 exsarturum
611 1305 695 1329 esse
724 1292 970 1341 persuadeas.
1030 1289 1176 1328 Audivi
1205 1291 1282 1328 hoc
1312 1289 1441 1328 dicere
1471 1292 1670 1340 quendam

340 1356 390 1393 de
411 1354 649 1404 quibusdam
671 1355 902 1403 oratoribus,
923 1357 973 1394 ad
994 1369 1094 1405 quos
1123 1369 1282 1394 causam
1312 1370 1423 1394 suam
1453 1356 1667 1404 detulisset,

336 1420 544 1470 gratiorem
567 1420 639 1458 sibi
661 1421 879 1460 orationem
900 1422 979 1459 elus
999 1420 1118 1460 fuisse
1139 1421 1205 1471 qui
1227 1430 1406 1471 negasset
1427 1436 1546 1472 quam
1567 1422 1669 1461 illius

337 1485 404 1534 qui
426 1485 644 1535 recepisset.
705 1486 768 1524 Sic
796 1486 977 1524 homines
1001 1487 1128 1524 fronte
1149 1500 1187 1524 et
1208 1487 1384 1525 oratione
1406 1488 1527 1537 magis
1548 1501 1667 1538 quam
1689 1502 1730 1525 20

336 1549 422 1599 ipso
442 1550 637 1588 beneficio
666 1564 786 1601 reque
811 1550 1027 1601 capiuntur.
1088 1553 1236 1590 Verum
1264 1553 1341 1590 hoc
1368 1552 1573 1602 probabile
1597 1560 1665 1599 est,

335 1614 432 1653 illud
458 1616 623 1653 alterum
650 1617 869 1654 subdurum
897 1616 967 1654 tibi
994 1616 1146 1654 homini
1174 1617 1379 1655 Platonico
1400 1619 1574 1664 suadere,
1598 1619 1668 1656 sed

335 1687 467 1718 tamen
489 1680 655 1730 tempori
679 1682 894 1719 consulam.
955 1681 1111 1730 Quibus
1138 1682 1244 1720 enim
1272 1689 1309 1720 te
1330 1690 1487 1732 propter
1506 1683 1668 1732 aliquod

334 1744 507 1783 officium
528 1745 828 1783 necessitudinis
854 1747 1081 1784 adfuturum
1106 1746 1267 1796 negaris,
1291 1754 1422 1785 tamen
1449 1747 1474 1784 ii
1501 1755 1667 1797 possunt

333 1810 404 1847 abs
439 1817 477 1847 te
507 1809 649 1859 placati
682 1810 878 1860 aequique
909 1810 1138 1859 discedere3
1179 1811 1322 1860 quibus
1357 1819 1489 1850 autem
1519 1812 1666 1851 idcirco
1687 1824 1726 1857 25

333 1874 497 1923 negaris,
539 1876 647 1924 quod
686 1882 724 1913 te
762 1875 997 1925 impeditum
1041 1889 1126 1914 esse
1165 1876 1306 1914 dixeris
1345 1884 1412 1914 aut
1449 1877 1665 1916 amicorum

334 1938 542 1977 hominum
572 1939 737 1989 negotiis
758 1947 825 1978 aut
845 1939 1085 1990 gravioribus
1110 1940 1236 1978 causis
1260 1949 1327 1978 aut
1351 1949 1442 1980 ante
1463 1942 1665 1992 susceptiS,

381 2042 394 2061 1
422 2032 531 2061 diurni
558 2033 780 2072 nocturnique
804 2032 862 2063 H:
896 2043 927 2063 -a
951 2043 1051 2071 -aque
1070 2033 1103 2062 F
1228 2042 1247 2071 5
1272 2034 1361 2072 quod
1380 2034 1468 2064 FH:
1492 2045 1577 2073 quae
1594 2034 1665 2066 dell.

332 2076 354 2104 6
378 2076 418 2105 de
436 2076 543 2113 Klotz,
564 2076 628 2106 coll.
654 2075 739 2106 Verr.
760 2077 789 2106 ii.
810 2085 871 2114 59:
897 2087 915 2106 6
933 2075 1020 2106 FH:
1044 2087 1063 2106 a
1079 2076 1167 2116 vulg.
1325 2079 1344 2106 8
1369 2078 1515 2107 facturus
1538 2078 1668 2109 Baiter:

332 2124 468 2149 acturus
485 2119 574 2149 codd.
668 2129 703 2149 11
730 2125 787 2150 aut
804 2120 948 2150 iucunde
967 2120 1146 2159 promittas
1162 2125 1217 2150 aut
1235 2121 1381 2159 ingenue
1400 2131 1505 2159 neges
1521 2120 1606 2161 Lag.
1626 2131 1668 2160 50

332 2163 449 2193 Lamb.
469 2174 475 2193 z
499 2167 555 2192 aut
573 2162 720 2201 benigne
739 2163 914 2201 promittas
932 2168 989 2193 aut
1007 2164 1150 2193 iucunde
1161 2174 1267 2202 neges
1285 2164 1468 2204 [Vesenln‘tgg
1486 2164 1585 2203 :sora
1610 2170 1667 2196 aut

332 2206 476 2236 iucunde
494 2217 599 2245 neges
616 2212 672 2236 aut
690 2207 777 2237 ultro
798 2207 860 2244 (vel
873 2207 1028 2247 omnino)
1046 2218 1114 2237 non
1132 2218 1239 2245 neges
1259 2208 1310 2246 (cf
1326 2218 1365 2246 47
1385 2208 1509 2237 nemini
1526 2212 1664 2246 negare)

332 2255 443 2278 tamen
461 2261 526 2280 om.
547 2250 618 2280 dell.
638 2250 738 2287 :forn
761 2254 834 2280 ante
850 2250 928 2280 boni
948 2250 981 2291 (l.
1004 2251 1056 2288 12)
1076 2250 1358 2289 rransponendum
1460 2262 1497 2280 12
1523 2252 1666 2282 honeste

335 2295 498 2331 (supcrsrr.
529 2293 707 2323 honesturn
733 2298 798 2325 est)
829 2293 868 2322 H
1001 2303 1038 2331 13
1063 2304 1128 2324 non
1155 2297 1184 2323 el
1206 2300 1255 2324 est
1273 2305 1337 2324 om.
1358 2294 1398 2323 H
1418 2294 1490 2325 dell.
1628 2305 1665 2334 17

332 2342 543 2365 exsarturum
563 2336 645 2375 Lag.
666 2346 708 2374 50
725 2336 842 2366 Lamb.
859 2349 865 2368 :
901 2342 1097 2367 exacturum
1116 2337 1165 2367 vel
1183 2342 1402 2367 exaucturum
1422 2337 1508 2368 codd.
1529 2350 1535 2368 ε
1560 2339 1590 2368 ei
1608 2339 1657 2368 ad-

332 2378 476 2408 futurum
504 2379 638 2419 Ganges
773 2391 811 2419 19
836 2380 907 2410 eius
935 2380 1010 2411 add.
1039 2379 1134 2411 Man.
1268 2390 1310 2419 23
1334 2382 1477 2420 tempori
1507 2386 1562 2412 tuo
1590 2382 1662 2413 dett.

332 2423 374 2451 26
397 2423 592 2452 amiciorum
610 2422 759 2453 Eussner
