1871 2782
126 889 164 912 10

124 1536 164 1558 20

118 2184 162 2215 30

609 183 721 221 EPP.
758 184 835 220 AD
868 184 1104 221 BRVTVM
1477 184 1506 221 I.
1527 193 1587 219 xv

186 293 290 332 illam
329 292 547 332 evertimus.
620 294 705 331 Nos
739 294 848 331 illum
887 295 1036 331 honore
1071 293 1291 331 studuimus
1325 306 1347 331 a
1385 294 1511 331 furore

184 373 375 399 revocare.
434 358 539 397 Vicit
558 358 730 397 amentia
749 358 933 397 levissimi
954 358 1124 396 hominis
1149 367 1321 397 nostram
1346 360 1511 408 pruden-

184 424 303 471 tiam3
332 438 404 462 nec
425 432 557 462 tamen
578 431 729 461 tantum
751 423 790 460 in
817 424 1025 461 statuenda
1050 422 1190 473 Lepidi
1214 431 1340 461 statua
1364 425 1509 462 sactum

184 496 241 526 est
262 488 354 526 mali
375 496 566 538 quantum
589 487 627 525 in
649 488 859 526 evertenda
879 487 985 526 boni.

238 553 337 591 Satis
365 554 487 591 multa
514 554 563 591 de
587 552 827 599 honoribus‚·
856 566 961 590 nunc
982 553 1032 590 de
1049 566 1176 602 poena
1197 566 1321 602 pauca
1341 553 1509 592 dicenda

183 625 284 655 sunt.
345 617 524 656 Intellexi
556 617 661 655 enim
695 631 741 655 ex
773 616 848 655 tuis
882 630 998 667 saepe
1025 617 1159 655 litteris
1192 625 1229 655 te
1261 617 1300 654 in
1332 617 1376 655 iis
1411 631 1509 667 quos

184 682 288 720 bello
320 682 496 721 devicisti
531 682 780 721 clementiam
812 689 919 720 tuam
950 683 1049 720 velle
1080 682 1239 720 laudari.
1319 682 1509 720 Existimo

183 746 368 795 equidem
403 747 500 785 nihil
534 761 557 785 a
594 755 632 785 te
670 746 744 784 nisi
776 746 994 796 sapienter3
1037 748 1107 785 sed
1145 746 1300 785 sceleris
1339 760 1508 797 poenam

182 811 489 861 praetermittere
511 811 568 862 (id
597 811 703 850 enim
733 818 791 849 est
815 812 924 861 quod
952 818 1113 849 vocatur
1137 811 1366 861 ignoscere),
1391 811 1507 849 etiam

183 874 215 912 si
240 875 281 912 in
301 875 439 914 ceteris
460 876 576 914 rebus
604 876 804 914 tolerabile
835 883 903 922 est,
926 875 966 913 in
997 877 1074 914 hoc
1108 876 1213 914 bello
1244 876 1508 926 perniciosum

182 946 289 989 puto.
349 941 514 978 Nullum
536 941 641 978 enim
664 941 810 978 bellum
832 940 944 978 civile
970 941 1041 979 fuit
1071 940 1111 978 in
1137 948 1269 978 nostra
1290 954 1329 978 re
1349 940 1508 990 publica

183 1003 362 1042 omnium
398 1018 499 1054 quae
538 1004 726 1043 memoria
766 1018 852 1042 mea
890 1006 1057 1051 fuerunt,
1093 1004 1133 1042 in
1164 1018 1242 1054 quo
1277 1005 1381 1043 bello
1411 1019 1502 1051 non,

182 1076 441 1118 utracumque
471 1083 558 1119 pars
588 1069 754 1116 vicisset,
785 1077 917 1107 tamen
947 1069 1077 1119 aliqua
1104 1071 1228 1107 forma
1255 1077 1356 1107 esset
1383 1071 1510 1107 futura

182 1133 236 1171 rei
274 1133 467 1183 publicae.
548 1135 640 1172 Hoc
678 1134 784 1172 bello
822 1133 988 1171 victores
1027 1147 1145 1182 quam
1191 1147 1272 1171 rem
1311 1133 1509 1183 publicam

183 1197 303 1235 simus
343 1198 513 1236 habituri
551 1212 632 1236 non
672 1197 784 1235 facile
822 1197 1072 1244 adfirmarim,
1113 1197 1223 1235 victis
1263 1205 1366 1235 certe
1405 1199 1511 1235 nulla

182 1275 371 1312 umquam
406 1263 486 1301 erit.
560 1262 652 1300 Dixi
690 1262 804 1311 igitur
842 1262 1056 1300 sententias
1094 1262 1134 1299 in
1167 1262 1398 1308 Antonium,
1433 1262 1511 1300 dixi

182 1325 222 1363 in
250 1327 447 1376 Lepidum
477 1340 628 1365 severas
661 1340 790 1376 neque
821 1334 901 1364 tarn
936 1326 1153 1364 ulciscendi
1179 1339 1296 1364 causa
1330 1340 1447 1376 quam
1470 1335 1510 1365 ut

183 1398 221 1429 et
241 1391 280 1429 in
301 1391 496 1441 praesenti
517 1393 725 1430 sceleratos
749 1391 844 1429 civis
865 1391 1004 1430 timore
1024 1391 1074 1429 ab
1095 1391 1363 1441 impugnanda
1389 1391 1511 1441 patria

182 1457 417 1494 deterrerem
445 1463 483 1495 et
506 1456 546 1494 in
573 1464 773 1506 posterum
803 1457 1089 1495 documentum
1119 1463 1329 1494 statuerem
1351 1470 1399 1495 ne
1424 1457 1510 1507 quis

183 1522 299 1559 talem
335 1520 547 1559 amentiam
577 1523 693 1559 vellet
726 1521 879 1559 imitari.
941 1523 1194 1571 Quamquam
1221 1522 1319 1560 haec
1349 1522 1509 1572 quidem

183 1586 376 1624 sententia
413 1599 494 1624 non
529 1585 651 1636 magis
690 1600 778 1624 mea
816 1586 888 1624 fuit
927 1600 1045 1636 quam
1085 1586 1274 1624 omnium.
1348 1588 1395 1624 In
1434 1601 1510 1636 qua

181 1650 334 1690 videtur
377 1650 475 1689 illud
518 1664 602 1689 esse
647 1652 816 1698 crudele,
858 1652 966 1700 quod
1015 1652 1067 1689 ad
1114 1651 1257 1689 liberos
1302 1651 1368 1700 qui
1414 1651 1509 1689 nihil

180 1722 407 1754 meruerunt
444 1728 574 1766 poena
607 1716 794 1766 pervenit.
869 1716 948 1754 Sed
987 1716 1027 1754 id
1066 1723 1103 1754 et
1134 1716 1340 1765 antiquum
1380 1723 1437 1754 est
1471 1724 1508 1754 et

180 1779 360 1818 omniurn
404 1779 616 1827 civitatum,
659 1780 690 1818 si
733 1779 896 1830 quidem
937 1780 1055 1818 etiarn
1094 1780 1353 1819 Themistocli
1398 1780 1507 1818 liberi

180 1851 393 1894 eguerunt3
433 1851 470 1883 et
500 1844 531 1882 si
568 1844 716 1883 iudicio
750 1846 958 1883 damnatos
990 1846 1129 1883 eadem
1168 1858 1296 1894 poena
1334 1844 1507 1894 sequitur

180 1908 284 1955 civis,
317 1908 385 1958 qui
412 1908 614 1959 potuimus
644 1908 811 1947 leniores
838 1922 923 1947 esse
952 1908 990 1946 in
1017 1908 1169 1947 hostis?
1237 1908 1345 1957 Quid
1374 1917 1506 1947 autem

180 1972 289 2023 queri
324 1972 532 2023 quisquam
567 1980 696 2023 potest
726 1974 775 2011 de
807 1986 880 2020 me,
914 1972 981 2022 qui
1012 1972 1043 2010 si
1076 1972 1231 2011 vicisset
1265 1973 1505 2011 acerbiorem

180 2051 220 2076 se
248 2037 287 2075 in
322 2051 385 2076 me
416 2039 588 2075 futurum
620 2036 739 2075 fuisse
770 2038 1003 2075 confiteatur
1036 2050 1196 2075 necesse
1224 2039 1310 2075 est?
1367 2038 1505 2076 Habes

179 2101 371 2140 rationem
406 2114 580 2139 mearum
615 2101 896 2140 sententiarum
928 2103 978 2139 de
1012 2102 1088 2140 hoc
1122 2115 1264 2151 genere
1303 2100 1505 2140 dumtaxat

180 2166 338 2205 honoris
373 2173 411 2205 et
442 2180 618 2216 poenaej
647 2180 739 2204 nam
774 2168 824 2206 de
863 2166 1000 2205 ceteris
1032 2167 1147 2205 rebus
1183 2166 1278 2217 quid
1318 2166 1504 2204 senserim

180 2231 355 2281 quidque
376 2230 596 2269 censuerim
616 2231 773 2269 audisse
793 2239 830 2270 te
850 2230 1023 2269 arbitror.

222 2335 242 2363 8
267 2334 337 2364 fieri
357 2338 431 2374 post
453 2334 625 2373 sapienter
639 2334 828 2364 addendmn
851 2344 916 2364 esse
934 2334 1119 2373 suspicatur
1133 2333 1256 2364 Mz‘illcr
1409 2334 1445 2363 18
1471 2335 1503 2364 in

180 2378 350 2416 praesenti
371 2378 398 2408 C
415 2377 550 2408 Gurlilt:
571 2379 603 2407 in
617 2388 777 2416 praesens
790 2377 837 2416 M,
851 2377 909 2407 sed
918 2377 987 2407 vide
997 2377 1155 2407 Sclmmlz
1167 2377 1348 2408 ‘Amabat-b.
1361 2378 1367 2387 ’
1382 2377 1412 2407 ἰί.
1428 2387 1502 2415 330.

180 2420 304 2450 Maller
317 2425 426 2450 tamen
443 2421 559 2451 laudat
575 2421 634 2452 Cic.
657 2421 724 2452 Cat.
745 2421 763 2452 i.
783 2431 824 2451 22
845 2421 875 2450 in
889 2431 1051 2461 praesens
1068 2425 1200 2460 tempus
1289 2431 1327 2460 31
1347 2421 1506 2451 adnuisse

182 2463 219 2494 Ο.
239 2463 276 2495 E.
295 2463 446 2494 Schmidt

1530 565 1576 592 10

1530 1537 1565 1562 11
