1871 2782
635 160 693 197 M.
724 157 892 196 TVLLI
925 154 1232 195 CICERONIS

330 271 437 303 XVII.
488 269 552 301 AD
579 267 825 307 HERODEM,
853 264 918 296 AD
945 263 1178 304 GORGIAM,
1206 263 1272 294 AD
1297 260 1523 293 PELOPEM.

321 350 428 388 Plui.
454 347 528 387 Cic.
549 358 602 396 24
624 351 702 384 ext.
722 344 946 384 Ἐπιστολαὶ
970 344 1071 394 παρὰ
1092 346 1157 383 τοῦ
1182 343 1388 392 Κικέρωνος
1413 341 1485 379 εἶσὶ
1507 341 1598 391 πρὸς

268 413 445 464 “Ηρώδην,
474 412 591 462 ἕτεραι
621 411 659 449 δὲ
692 411 783 461 πρὸς
811 411 875 449 τὸν
895 410 972 448 υἱόν
991 433 1056 448 —.
1114 408 1274 459 Γοργίαν
1303 407 1341 444 δὲ
1368 407 1434 445 τὸν
1461 406 1598 456 ῥήτορα

267 477 479 528 αἰτιώμενος
495 478 544 517 εἷς
562 476 695 526 ἡδονὰς
715 476 774 513 καὶ
788 475 923 515 πότους
945 474 1121 526 προάγειν
1136 474 1178 512 τὸ
1193 473 1381 523 μειράκιον
1401 472 1599 509 ἀπελαύνει

267 545 332 592 τῆς
355 542 556 582 συνουσίας
582 542 704 579 αὐτοῦ.
764 541 840 578 Καὶ
865 539 1003 591 σχεδὸν
1022 539 1113 588 αὕτη
1133 555 1173 577 τε
1192 540 1264 576 τῶν
1283 536 1513 586 Ἑλληνικῶν
1532 535 1599 586 μία
1617 548 1635 581 5

269 608 329 646 καὶ
353 607 502 658 δευτέρα
527 607 619 657 πρὸς
639 607 800 644 Πέλοπα
818 606 882 644 τὸν
898 605 1099 650 Βυζάντιον
1120 606 1158 642 ἐν
1178 604 1271 654 ὀργῇ
1292 619 1363 640 τινι
1381 601 1598 654 γέγραπται,

267 675 332 712 τὸν
369 675 436 723 μὲν
471 673 632 724 Γοργίαν
666 673 777 710 αὐτοῦ
814 670 1077 720 προσηκόντως
1115 669 1387 713 ἐπικόπτοντος,
1421 668 1521 717 εἴπερ
1554 666 1600 716 ἦν

269 742 414 787 φαῦλος
441 738 500 775 καὶ
520 737 741 780 ἀκόλαστος,
763 734 858 787 ᾗπερ
884 735 1010 779 ἐδόκει,
1031 734 1123 784 πρὸς
1149 733 1187 771 δὲ
1212 734 1277 772 τὸν
1297 734 1457 771 Πέλοπα
1475 749 1601 783 μικρο-

270 804 498 856 λογουμένου
525 802 584 839 καὶ
607 803 940 852 μεμψιμοιροῦντος
964 800 1090 850 ὥσπερ
1113 799 1357 849 ἀμελήσαντα
1375 799 1483 849 τιμάς
1502 813 1601 837 τινας

270 871 367 921 αὐτῷ
387 869 445 907 καὶ
465 868 694 920 ψηφίσματα
713 867 813 917 παρὰ
833 866 1041 913 Βυζαντίων
1057 864 1245 918 γενέσθαι.
1623 865 1662 887 ¹0

553 1000 681 1033 XVIII.
731 999 795 1032 EX
819 999 1057 1032 EPISTVLIS
1085 1000 1315 1032 INCERTIS.

332 1100 360 1123 1.
397 1084 563 1134 Quintil.
597 1085 668 1122 IX
691 1095 728 1136 3.
765 1083 813 1122 61
844 1084 932 1132 Ego
970 1096 1015 1121 ne
1052 1084 1155 1122 illud
1182 1083 1331 1131 quidem
1370 1080 1602 1131 aposiopesin

273 1156 417 1199 semper
434 1163 528 1196 voco,
546 1151 586 1188 in
606 1163 679 1199 quo
699 1163 757 1187 res
772 1162 1023 1198 quaecumque
1037 1149 1273 1197 relinquitur
1289 1149 1546 1197 intellegenda,
1563 1151 1608 1184 ut

273 1219 340 1255 *rea
371 1228 467 1264 quae
497 1216 538 1254 in
573 1216 743 1264 epistulis
777 1214 934 1252 Cicero:
971 1216 1074 1252 Data
1103 1213 1398 1263 Lupercalibus,
1430 1225 1510 1263 quo
1540 1211 1605 1250 die

273 1279 472 1318 Antonius
506 1279 665 1319 Caesari
679 1293 689 1327 3
733 1292 807 1317 non
845 1280 945 1316 em'm
978 1279 1131 1316 obticuit
1153 1279 1220 1316 sed
1245 1280 1348 1326 lusit,
1381 1279 1474 1327 quia
1506 1278 1610 1316 m‘lzil
1626 1290 1663 1323 15

274 1347 389 1383 aliud
404 1346 572 1394 intellegi
578 1350 738 1394 poterat
755 1357 872 1393 quam
893 1345 984 1382 lzoc:
1014 1345 1027 1363 ⁴
1039 1344 1217 1381 diadema
1237 1344 1440 1392 imposuit)

331 1424 362 1448 2.
401 1410 566 1459 Quintil.
596 1411 660 1447 VI
672 1421 710 1461 3.
731 1422 783 1447 20
803 1411 856 1447 In
885 1409 1055 1458 epistulis
1085 1409 1212 1447 Cicero
1240 1409 1331 1446 haec
1347 1408 1474 1446 Bruti
1491 1407 1609 1456 refert

275 1477 416 1514 verba:
448 1476 510 1513 Ne
545 1473 599 1512 illi
632 1482 722 1513 sunt
751 1476 874 1525 pedes
906 1473 1021 1512 faceti
1054 1486 1099 1512 ac
1135 1473 1341 1512 del'icatIus
1371 1472 1607 1524 ingredienti

277 1542 425 1579 molles.

332 1620 364 1655 3.
397 1605 557 1654 Pompei
582 1610 770 1643 comment.
800 1618 834 1644 v.
846 1611 890 1654 p.
910 1616 992 1656 154.
1016 1616 1062 1644 II
1080 1605 1181 1642 Keil.
1242 1606 1251 1624 ‘
1264 1604 1488 1644 Piissimus’
1509 1604 1606 1643 vitu·
1627 1619 1669 1642 20

269 1672 427 1723 percivit
456 1671 582 1709 Cicero
611 1672 652 1708 in
682 1671 908 1720 Philippicis
927 1669 1070 1721 (XIII
1078 1669 1259 1721 4]).-Τ
1252 1683 1361 1707 amen
1387 1670 1521 1719 Caper,
1544 1669 1608 1707 ille

278 1737 459 1785 magister
488 1737 661 1785 Augusti
692 1737 882 1782 Caesaris,
919 1736 1131 1774 elaboravit
1158 1735 1474 1773 vehementissime
1503 1738 1540 1772 et
1565 1735 1609 1771 de

277 1803 446 1852 epistulis
471 1801 661 1840 Ciceronis
680 1802 826 1850 collegit
842 1802 934 1838 liaeo
951 1801 1075 1848 verba,
1099 1800 1166 1838 ubi
1183 1801 1346 1838 dixerat
1372 1801 1449 1849 ipse
1483 1800 1610 1838 Cicero

282 1866 523 1917 ‘piissimus.’

334 1947 368 1979 4.
398 1934 504 1970 Plut.
526 1932 600 1971 Cic.
624 1944 678 1982 24
705 1932 838 1971 Καίτοι
863 1934 957 1973 τινὲς
981 1936 1053 1971 τῶν
1078 1932 1405 1982 προσποιουμένων
1428 1930 1611 1981 δημοσθε-
1632 1943 1669 1976 25

280 1999 387 2044 νίζειν
408 1999 626 2046 ἐπιφύονται
648 2001 754 2049 φωνῇ
779 2001 844 2036 τοῦ
865 1998 1080 2048 Κικέρωνος,
1097 1997 1142 2047 ἦν
1161 1998 1252 2048 πρός
1271 2015 1351 2036 τινα
1370 2000 1442 2036 τῶν
1463 1997 1612 2047 ἑταίρων

282 2064 409 2113 ἔθηκεν
430 2066 467 2101 ἐν
488 2065 674 2114 ἐπιστολῇ
692 2064 839 2115 γράψας
860 2066 1006 2114 ἐνιαχοῦ
1025 2066 1097 2102 τῶν
1116 2064 1240 2115 λόγων
1261 2063 1529 2108 ἀπονυστάζειν
1548 2063 1613 2100 τὸν

282 2130 542 2180 Δημοσθένην.
615 2130 887 2178 Quintilianus
915 2131 1005 2168 XI.
1027 2140 1081 2178 24
1101 2131 1163 2167 Et
1188 2130 1378 2166 labuntur
1403 2129 1613 2177 aliquando

283 2194 436 2243 (optimi
469 2194 653 2245 auctores)
684 2200 721 2232 et
756 2195 866 2232 oneri
898 2196 1034 2233 cedunt
1068 2199 1106 2232 et
1139 2196 1338 2243 indulgent
1373 2194 1611 2243 ingeniorum

284 2272 438 2296 suorum
469 2261 663 2308 voluptati
688 2273 752 2297 uec
777 2265 923 2308 semper
948 2260 1154 2297 intendunt
1180 2260 1363 2305 animum,
1399 2271 1473 2295 non
1508 2270 1612 2295 num-
1633 2269 1676 2301 30

332 2373 367 2400 14
394 2374 433 2393 ea
451 2363 506 2394 (sc.
528 2365 594 2394 res]
614 2375 700 2403 quae
718 2365 752 2394 in
770 2364 913 2403 epistula
930 2365 1007 2394 coni.
1030 2364 1138 2394 Halm
1232 2365 1279 2403 18,
1304 2373 1341 2403 19
1365 2362 1542 2393 delicatius
1559 2385 1566 2394 .
1585 2386 1591 2393 .
1603 2385 1611 2394 .

287 2406 403 2436 molles
420 2406 565 2436 Badius:
592 2408 720 2438 deliciis
737 2432 743 2438 .
766 2431 773 2438 .
793 2432 800 2439 .
822 2408 953 2438 mollius
971 2407 1059 2438 codd.
