1871 2782
639 193 751 230 EPP.
782 192 860 229 AD
891 190 1128 229 BRVTVM
1495 191 1524 228 Ι.
1543 190 1620 228 xvi

219 311 262 342 ut
282 303 496 354 impetres?
552 304 683 352 Rogas
713 301 819 340 enim
842 301 932 340 velit
958 315 1030 340 nos
1051 302 1178 340 salvos
1199 314 1293 340 esse.
1353 291 1545 340 Videmur

219 382 310 418 ergo
358 368 428 407 tibi
475 370 641 406 salutem
687 366 887 417 accepturi
943 380 1034 404 cum
1081 366 1200 404 vitam
1246 366 1543 417 acceperimus?

220 434 361 481 Quam,
395 433 469 471 nisi
503 432 607 483 prius
634 431 868 470 dimittimus
894 430 1125 481 dignitatem
1154 438 1192 469 et
1221 430 1450 478 libertatem,
1474 430 1541 480 qui

217 510 428 546 possumus
465 496 672 546 accipere?
744 498 809 534 An
847 503 890 533 tu
930 496 1083 533 Romae
1122 494 1308 542 habitare,
1350 495 1389 533 id
1428 499 1587 544 putas6

180 576 197 606 5
218 560 459 603 incolumem
490 563 604 599 esse?
674 562 754 599 Res
792 574 874 598 non
912 561 1022 598 locus
1056 566 1211 608 oportet
1244 567 1411 610 praestet
1442 559 1541 598 istuc

218 625 324 663 mihi.
385 628 527 676 Neque
553 625 762 664 incolumis
784 626 951 664 Caesare
971 623 1060 662 vivo
1080 623 1145 671 fui,
1168 623 1241 661 nisi
1269 631 1405 673 postea
1425 637 1543 673 quam

219 689 315 728 illud
347 690 521 729 conscivi
549 690 712 737 facinus,
745 703 875 740 neque
908 702 1077 739 usquam
1107 689 1215 726 exsul
1254 701 1338 726 esse
1369 701 1541 737 possum,

218 756 314 793 dum
336 755 477 794 servire
498 763 535 794 et
556 755 637 806 pati
666 754 926 794 contumelias
953 753 1064 804 peius
1085 754 1207 792 odero
1227 752 1338 790 malis
1360 752 1543 791 omnibus

217 819 311 857 aliis.
372 821 518 858 Nonne
539 821 616 858 hoc
636 827 694 858 est
714 819 754 857 in
774 820 934 858 easdem
955 819 1136 857 tenebras
1157 818 1351 865 recidisse,
1373 819 1409 855 si
1425 818 1475 855 ab
1496 830 1543 855 eo

160 895 199 918 10
218 884 285 934 qui
315 884 467 934 tyranni
493 899 641 924 nomen
664 885 829 925 adscivit
856 885 941 933 sibi,
970 899 1061 924 cum
1082 885 1122 923 in
1143 885 1302 924 Graecis
1323 884 1543 923 civitatibus

217 949 327 987 liberi
344 958 597 999 tyrannorum
614 951 809 1000 oppressis
829 950 904 989 illis
920 952 1063 989 eodem
1084 949 1278 1000 supplicio
1297 948 1541 995 adficiantur,

216 1014 359 1064 petitur
398 1024 439 1053 ut
478 1015 654 1054 vindices
691 1023 810 1066 atque
844 1029 1094 1066 oppressores
1128 1014 1409 1054 dominationis
1448 1013 1542 1052 salvi

216 1078 322 1117 sint?
380 1081 498 1118 Hanc
524 1094 596 1130 ego
620 1080 818 1118 civitatem
845 1080 978 1119 videre
1006 1079 1124 1118 velim
1150 1087 1217 1118 aut
1246 1087 1380 1129 putem
1409 1080 1540 1125 ullam,

0 1127 2 1206 ζ
216 1157 317 1193 quae
346 1158 396 1183 ne
427 1144 610 1183 traditam
637 1145 799 1194 quidem
825 1153 945 1195 atque
978 1144 1214 1183 inculcatam
1249 1144 1466 1181 libertatem
1491 1157 1545 1181 re-

0 1207 2 1262 l
158 1222 195 1256 15
217 1208 345 1258 cipere
374 1209 497 1259 possit
523 1211 692 1260 plusque
715 1209 852 1248 timeat
880 1209 921 1247 in
945 1222 1068 1260 puero
1094 1221 1242 1246 nomen
1271 1207 1415 1245 sublati
1445 1206 1543 1256 regis

215 1286 334 1322 quam
366 1275 541 1312 confidat
575 1273 659 1321 sibi,
693 1287 785 1311 cum
818 1272 929 1311 illurn
963 1272 1093 1323 ipsum
1127 1271 1195 1322 qui
1227 1271 1414 1310 maximas
1449 1285 1542 1321 opes

214 1337 394 1376 habuerit
432 1351 648 1388 paucorum
686 1338 828 1376 virtute
866 1338 1065 1376 sublatum
1104 1336 1264 1375 videat?
1345 1338 1414 1374 Me
1452 1349 1543 1374 vero

214 1403 379 1452 posthac
423 1417 473 1441 ne
512 1402 852 1442 commendaveris
886 1402 1045 1442 Caesari
1083 1409 1163 1449 tuo,
1204 1415 1254 1439 ne
1296 1408 1334 1439 te
1381 1400 1542 1451 quidem

214 1467 355 1517 ipsum,
385 1467 416 1505 si
448 1482 512 1506 me
541 1468 688 1506 audies.
746 1469 876 1506 Valde
896 1481 984 1506 care
1003 1466 1186 1505 aestimas
1210 1473 1268 1504 tot
1291 1479 1416 1504 annos
1446 1473 1542 1515 quot

156 1545 196 1567 20
215 1531 287 1571 ista
315 1540 421 1571 aetas
451 1532 597 1583 recipit,
622 1532 652 1571 si
682 1541 841 1583 propter
869 1546 957 1571 eam
986 1545 1145 1571 causam
1169 1544 1291 1581 puero
1317 1530 1379 1568 isti
1400 1529 1543 1580 suppli-

214 1606 370 1636 caturus
402 1611 452 1636 es.
514 1597 672 1636 Deinde
706 1599 815 1647 quod
848 1597 1110 1648 pulcherrime
1143 1595 1269 1634 fecisti
1299 1609 1345 1633 ac
1376 1595 1469 1633 facis
1502 1594 1540 1632 in
1561 1601 1583 1641 7

213 1662 390 1700 Antonio
423 1662 513 1701 vide
551 1677 601 1701 ne
644 1670 892 1701 convertatur
928 1676 952 1701 a
988 1663 1105 1700 laude
1143 1660 1303 1699 maximi
1333 1659 1452 1698 animi
1491 1660 1541 1697 ad

214 1726 443 1776 opinionem
472 1727 702 1766 formidinis.
763 1729 868 1765 Nam
899 1726 930 1765 si
951 1726 1138 1766 Octavius
1166 1725 1237 1763 tibi
1257 1726 1395 1775 placet,
1418 1738 1440 1762 a
1461 1737 1540 1773 quo

213 1793 263 1830 de
292 1800 424 1830 nostra
454 1794 578 1830 salute
611 1793 829 1842 petendum
859 1791 917 1838 sit,
947 1805 1028 1830 non
1060 1790 1267 1829 dominum
1297 1789 1439 1839 fugisse
1469 1789 1540 1826 sed

155 1870 193 1902 25
213 1856 440 1895 amiciorem
487 1857 695 1895 dominum
738 1856 937 1907 quaesisse
975 1855 1179 1894 videberis.
1258 1855 1389 1903 Quem
1430 1853 1539 1902 quod

212 1922 348 1958 laudas
381 1921 433 1959 ob
466 1935 512 1959 ea
545 1934 646 1970 quae
676 1922 808 1959 adhuc
841 1920 933 1958 fecit
967 1922 1082 1970 plane
1116 1919 1265 1969 probo3
1309 1925 1399 1956 sunt
1433 1916 1538 1955 enim

212 1986 420 2032 laudanda,
444 1985 475 2022 si
503 1986 624 2023 modo
651 1993 788 2024 contra
813 1984 982 2023 alienam
1013 1983 1230 2034 potentiam
1259 1995 1340 2020 non
1370 1995 1439 2032 pro
1469 1995 1540 2019 sua

213 2049 383 2100 suscepit
416 2063 481 2088 eas
507 2050 692 2088 actiones
753 2051 855 2089 Cum
887 2063 979 2087 vero
1010 2049 1159 2087 iudicas
1190 2055 1343 2086 tantum
1375 2047 1428 2084 illi
1458 2060 1539 2085 non

213 2115 334 2152 modo
354 2114 470 2152 licere
491 2115 561 2152 sed
577 2114 695 2152 etiam
715 2127 738 2152 a
754 2121 791 2152 te
807 2113 893 2164 ipso
909 2113 1163 2151 tribuendum
1180 2125 1265 2151 esse
1285 2119 1327 2150 ut
1342 2112 1539 2161 rogandus

155 2193 195 2225 30
214 2178 262 2217 sit
293 2193 343 2218 ne
373 2178 471 2216 nolit
502 2192 587 2217 esse
620 2192 692 2216 nos
727 2180 865 2225 salvos,
898 2177 1064 2216 nimium
1097 2190 1280 2226 magnam
1314 2177 1539 2214 mercedem

213 2243 349 2282 statuis
378 2243 435 2294 (id
465 2243 570 2282 enim
602 2243 730 2293 ipsum
760 2243 815 2281 illi
844 2243 989 2293 largiris
1019 2243 1128 2292 quod
1160 2256 1228 2292 per
1254 2241 1363 2279 illum
1393 2241 1538 2279 habere

212 2308 418 2347 videbatur
446 2321 506 2346 res
533 2308 720 2358 publica),
742 2321 872 2357 neque
896 2308 972 2346 hoc
1001 2307 1073 2346 tibi
1103 2306 1143 2344 in
1172 2313 1345 2344 mentem
1366 2305 1484 2352 venit,
1507 2305 1539 2343 si

384 2421 403 2450 3
428 2412 492 2442 nisi
512 2411 540 2442 C
553 2411 713 2452 Madvzg:
737 2411 763 2442 si
782 2410 822 2441 M
835 2410 903 2442 edd.
1059 2421 1080 2451 9
1103 2411 1130 2442 si
1147 2409 1222 2442 add.
1244 2409 1360 2440 Bailer

1414 2464 1452 2494 9*
