1871 2782
225 595 293 644 M.
321 596 536 645 TVLLI
577 597 974 646 CICERONIS
1009 598 1113 646 AD
1147 598 1219 645 M.
1248 597 1545 646 BRVTVM

856 714 913 744 ET

262 805 323 846 M.
358 807 549 849 BRVTI
581 808 672 849 AD
708 809 770 849 M.
803 808 1091 850 TVLLIVM
1128 807 1503 850 CICERONEM

705 916 1060 958 EPISTVLAE

634 1024 805 1062 LIBER
834 1025 1123 1064 SECVNDVS

260 1140 283 1175 I
418 1143 487 1176 Scr.
507 1143 637 1175 Romae
649 1154 696 1176 cx.
717 1154 762 1175 m.
780 1144 880 1175 fllart.
898 1147 957 1174 ant
972 1144 1016 1176 in.
1035 1143 1118 1184 Apr.
1138 1155 1167 1176 a.
1192 1156 1244 1184 711
1266 1145 1344 1186 (45).

638 1221 811 1253 CICERO
836 1220 992 1251 BRVTO
1017 1220 1114 1252 SAL.

270 1300 366 1338 CVM
388 1300 486 1337 haec
507 1298 739 1346 scribebam,
762 1312 822 1337 res
846 1297 1140 1337 existimabatur
1169 1298 1209 1336 in
1233 1306 1448 1338 extremum
1476 1302 1540 1340 ad·
1560 1314 1575 1340 1

214 1363 334 1401 ducta
370 1362 591 1401 discrimen.
661 1362 809 1401 Tristes
843 1362 948 1401 enim
983 1363 1033 1400 de
1068 1364 1190 1401 Bruto
1224 1371 1358 1402 nostro
1392 1364 1540 1404 litterae

169 1421 194 1473 ‘5
213 1427 420 1478 nuntiique
445 1428 731 1466 adferebantur.
793 1429 861 1466 Me
889 1427 1050 1478 quidem
1081 1441 1161 1466 non
1189 1429 1357 1468 maxime
1387 1438 1539 1470 contur-

213 1493 370 1532 babant.
432 1493 507 1531 His
537 1493 643 1531 enim
673 1493 906 1531 exercitibus
936 1492 1184 1543 ducibusque
1214 1507 1313 1544 quos
1347 1496 1538 1535 habemus

211 1560 321 1597 nullo
360 1559 480 1596 modo
518 1565 695 1607 poteram
734 1557 910 1596 diffidere
949 1571 1079 1607 neque
1116 1558 1365 1597 adsentiebar
1403 1560 1537 1599 maiori

210 1623 309 1674 parti
348 1622 565 1661 hominum.
627 1622 766 1661 Fidem
800 1622 906 1661 enim
940 1624 1148 1661 consulum
1187 1637 1268 1662 non
1301 1626 1538 1664 condemna-

210 1688 302 1727 bam
335 1701 437 1738 quae
480 1694 663 1738 suspecta
700 1688 954 1726 vehementer
992 1695 1097 1735 erat3
1143 1688 1416 1727 desiderabam
1454 1704 1534 1729 non

152 1767 192 1789 ιο
210 1752 325 1791 nullis
356 1752 395 1791 in
424 1753 540 1791 rebus
574 1752 824 1802 prudentiam
856 1760 894 1791 et
927 1752 1191 1801 celeritatem3
1234 1767 1311 1803 qua
1342 1754 1372 1792 si
1404 1763 1534 1794 essent

209 1817 278 1865 usi,
302 1817 379 1856 iam
406 1818 557 1867 pridem
588 1831 670 1856 rem
687 1819 881 1868 publicam
911 1817 1246 1867 reciperassemus.
1307 1820 1400 1857 Non
1427 1820 1532 1858 enim

137 1903 145 1912 ·
207 1882 360 1933 ignoras
390 1890 538 1932 quanta
569 1891 771 1922 momenta
805 1884 882 1922 sint
911 1884 950 1922 in
980 1898 1020 1923 re
1055 1883 1212 1933 publica
1246 1890 1468 1933 temporum
1495 1892 1533 1923 et

206 1949 302 1998 quid
336 1947 487 1986 intersit
518 1948 623 1987 idem
657 1948 754 1987 illud
788 1956 918 1987 utrum
956 1956 1047 1987 ante
1081 1962 1131 1986 an
1167 1955 1254 1998 post
1288 1949 1529 1996 decernatur,

205 2012 447 2062 suscipiatur,
474 2021 619 2063 agatur.
680 2013 826 2052 Omnia
856 2027 957 2063 quae
987 2027 1120 2052 severe
1150 2014 1307 2051 decreta
1336 2020 1425 2051 sunt
1455 2014 1531 2052 hoc

149 2090 186 2121 15
205 2080 386 2125 tumultu,
410 2077 441 2116 si
467 2085 534 2116 aut
558 2091 638 2128 quo
667 2078 731 2116 die
760 2078 839 2116 dixi
869 2078 1103 2117 sententiam
1134 2079 1304 2128 perfecta
1333 2085 1464 2116 essent
1493 2085 1531 2117 et

248 2181 312 2212 Hic
327 2182 436 2212 libera
455 2182 639 2213 Cratandro
656 2183 810 2223 primum
834 2183 937 2213 editus
958 2188 1024 2220 est,·
1056 2185 1148 2214 cuius
1173 2185 1286 2214 nullus
1308 2183 1405 2214 codex
1427 2194 1530 2214 manu

202 2226 338 2265 scriptus
354 2226 445 2256 hodie
469 2227 629 2267 reperitur.
681 2227 863 2257 Cratander
881 2229 945 2267 ipse
967 2228 1011 2257 ila
1037 2227 1141 2258 dixit:
1176 2228 1295 2258 ‘blanc
1317 2231 1346 2258 el
1367 2231 1530 2266 sequentes

203 2270 345 2309 quinque
362 2271 467 2311 [nnnc
477 2272 644 2311 quattuor]
659 2271 813 2310 epistulas
825 2270 870 2300 ad
884 2270 1032 2300 Brultmt
1049 2271 1165 2310 quoda
1178 2271 1384 2302 Ciceroniana
1399 2271 1529 2300 datione

203 2313 369 2342 abhorrere
386 2324 449 2344 non
472 2313 671 2350 videbantur,
688 2318 716 2343 cl
730 2314 763 2343 in
780 2318 900 2344 vetusto
924 2314 1021 2344 codice
1039 2316 1189 2354 primum
1214 2315 1320 2345 locum
1345 2315 1527 2352 obtinerent,

202 2366 261 2386 nos
277 2355 541 2396 haudquaquam
555 2357 856 2398 praetermittendas
872 2357 1154 2389 existimaw'nms.'

636 2445 670 2465 11
698 2435 862 2474 publicam
880 2434 957 2465 add.
975 2434 1092 2465 Lamb.
