1871 2782
299 151 329 189 1.
349 160 411 187 xv
729 148 785 184 M.
817 147 985 184 TVLLI
1017 146 1325 185 CICERONIS

363 272 506 298 amore.
567 260 661 297 Non
682 258 788 297 enim
817 258 857 297 id
886 257 1131 309 propositum
1163 265 1220 296 est
1249 256 1342 295 huic
1372 255 1561 306 epistulae
1592 257 1696 294 Mes·
1870 299 1871 302 Ἴ

364 325 485 362 salam
505 330 547 362 ut
574 324 744 370 laudem,
771 323 997 373 praesertim
1024 324 1075 361 ad
1100 325 1265 361 Brutum
1292 321 1356 360 cui
1383 329 1421 360 et
1447 321 1567 360 virtus
1593 321 1695 359 illius
1870 316 1871 363 l

363 403 444 428 non
476 388 606 427 minus
635 402 754 439 quam
785 389 881 427 mihi
912 397 1006 428 nota
1036 397 1094 428 est
1124 397 1161 427 et
1191 390 1288 427 haec
1318 388 1402 438 ipsa
1433 387 1562 426 studia
1595 400 1696 436 quae

363 455 483 493 laudo
504 453 667 492 notiora.
729 455 860 502 Quem
881 468 971 492 cum
992 468 1015 493 a
1035 468 1098 492 me
1123 453 1325 492 dimittens
1352 451 1517 502 graviter
1544 453 1695 498 ferrem,

364 521 441 558 hoc
461 519 618 557 levabar
638 532 730 565 uno,
753 520 862 568 quod
887 520 938 557 ad
963 526 1000 557 te
1024 526 1227 568 tamquam
1253 519 1304 556 ad
1331 519 1495 556 alterum
1523 530 1587 555 me
1614 530 1698 566 pro-
1718 527 1735 558 5

364 583 544 623 fieiscens
576 591 614 622 et
645 583 774 622 officio
805 584 1039 634 fungebatur
1068 591 1105 622 et
1134 585 1292 623 laudem
1324 582 1534 621 maximam
1564 595 1699 632 seque-

365 649 489 688 batur.
550 650 628 687 Sed
649 649 746 687 haec
767 650 968 687 hactenus.

323 721 348 759 3
419 714 550 753 Venio
570 727 676 752 nunc
697 715 816 764 longo
836 727 929 753 sane
950 714 1153 753 intervallo
1176 715 1227 752 ad
1252 714 1451 763 quandam
1476 712 1696 763 epistulam,

365 793 444 829 qua
481 779 578 817 mihi
617 781 740 818 multa
778 779 953 819 tribuens
992 794 1117 818 unum
1155 779 1472 830 reprehendebas
1511 780 1620 829 quod
1658 778 1698 816 in

364 845 581 884 honoribus
601 845 861 884 decernendis
882 859 1008 884 essem
1033 845 1177 884 nimius
1204 852 1243 884 et
1268 852 1471 894 tamquam
1497 843 1695 894 prodigus.
1723 858 1759 880 10

363 911 426 948 Tu
453 910 530 948 hoc
545 924 555 958 ,·
588 909 686 948 alius
713 911 886 958 sortasse,
915 911 1025 960 quod
1054 910 1094 948 in
1123 909 1464 949 animadversione
1490 922 1699 959 poenaque

363 974 506 1022 durior,
533 974 607 1013 nisi
634 976 733 1013 forte
761 982 971 1025 utrumque
999 983 1051 1014 tu.
1112 976 1234 1024 Quod
1261 975 1293 1013 si
1319 974 1372 1013 ita
1399 981 1467 1022 est,
1496 973 1699 1024 utriusque

364 1040 418 1079 rei
457 1054 590 1079 meum
630 1040 820 1079 iudicium
860 1042 1001 1080 studeo
1035 1040 1107 1079 tibi
1140 1054 1225 1079 esse
1260 1039 1508 1078 notissimum
1542 1042 1699 1089 'lneque

365 1107 492 1144 solum
523 1113 565 1144 ut
595 1105 750 1144 Solonis
785 1106 935 1145 dictum
971 1110 1182 1156 usurpem†
1215 1105 1282 1156 qui
1320 1112 1358 1144 et
1387 1104 1698 1155 sapientissimus

365 1170 437 1208 fuit
461 1184 507 1209 ex
533 1178 684 1222 septem
711 1178 749 1209 et
776 1173 906 1222 legum
934 1171 1098 1222 scriptor
1121 1173 1226 1210 solus
1254 1185 1300 1209 ex
1326 1178 1488 1220 septem.
1549 1171 1588 1208 Is
1615 1183 1697 1208 rem
1719 1184 1756 1217 15

365 1235 564 1286 publicam
595 1235 787 1274 contineri
817 1237 971 1275 duabus
1001 1237 1118 1275 rebus
1147 1236 1255 1283 dixit,
1284 1235 1459 1286 praemio
1488 1242 1527 1274 et
1555 1248 1695 1286 poena.

366 1301 437 1339 Est
466 1300 613 1339 scilicet
644 1301 846 1351 utriusque
875 1301 929 1340 rei
959 1303 1101 1340 modus
1131 1301 1231 1340 sicut
1257 1301 1494 1351 reliquarum
1521 1308 1558 1338 et
1583 1313 1697 1350 quae-

365 1366 457 1404 dam
496 1365 535 1403 in
570 1373 737 1416 utroque
769 1380 911 1416 genere
945 1366 1205 1405 mediocritas.
1278 1367 1356 1405 Sed
1390 1379 1471 1404 non
1505 1372 1613 1403 tanta
1646 1366 1697 1403 de

320 1442 405 1479 4re
443 1429 688 1480 propositum
727 1438 785 1469 est
823 1432 900 1469 hoc
939 1432 1027 1469 loco
1061 1430 1285 1481 disputare,-
1327 1430 1423 1480 quid
1457 1443 1530 1479 ego
1563 1438 1696 1468 autem

365 1502 522 1533 secutus
556 1496 632 1534 hoc
664 1496 768 1534 bello
803 1495 876 1534 sim
910 1495 949 1533 in
984 1496 1187 1535 sententiis
1222 1495 1401 1535 dicendis
1435 1495 1584 1547 aperire
1615 1508 1696 1533 non
1717 1511 1758 1533 20

363 1560 536 1599 alienum
557 1568 664 1610 puto.

419 1627 513 1663 Post
560 1624 759 1663 interitum
799 1625 977 1665 Caesaris
1025 1634 1063 1665 et
1101 1634 1246 1665 vestras
1294 1625 1560 1664 memorabilis
1600 1626 1697 1664 Idus

365 1691 494 1736 Mart„
520 1692 648 1737 Brute,
673 1690 769 1740 quid
797 1704 869 1740 ego
896 1691 1213 1741 praetermissum
1240 1705 1263 1729 a
1290 1691 1401 1729 vobis
1429 1698 1697 1740 quantamque

364 1754 592 1805 impendere
613 1754 666 1793 rei
687 1754 869 1805 publicae
894 1763 1167 1806 tempestatem
1190 1755 1353 1794 dixerim
1374 1770 1455 1794 non
1476 1770 1516 1793 es
1538 1755 1693 1794 oblitus.

365 1821 513 1869 Magna
533 1819 652 1870 pestis
679 1828 760 1858 erat
790 1821 955 1871 depulsa
984 1835 1052 1871 per
1081 1835 1160 1868 vos,
1186 1835 1327 1871 magna
1357 1820 1492 1871 populi
1523 1820 1695 1859 Romani
1717 1837 1754 1869 25

364 1886 518 1922 macula
546 1886 685 1932 deleta,
720 1885 832 1923 vobis
864 1900 955 1924 vero
988 1894 1097 1936 parta
1126 1886 1259 1925 divina
1289 1885 1420 1936 gloria,
1455 1886 1525 1924 sed
1560 1885 1697 1923 instru-

363 1957 541 1988 mentum
562 1949 670 2000 regni
691 1951 866 1989 delatum
887 1952 938 1989 ad
961 1950 1156 2001 Lepidum
1186 1959 1224 1989 et
1251 1950 1498 1998 Antonium3
1527 1964 1695 2000 quorum

361 2015 458 2052 alter
481 2013 775 2062 inconstantior,
799 2017 895 2054 alter
922 2015 1119 2066 impurior,
1143 2024 1307 2066 uterque
1334 2029 1473 2066 pacem
1502 2023 1692 2062 metuens,

361 2078 543 2118 inimicus
575 2080 666 2119 otio.
739 2081 815 2118 His
850 2081 1077 2120 ardentibus
1112 2082 1400 2131 perturbandae
1430 2080 1483 2119 rei
1513 2081 1695 2130 publicae

361 2144 577 2195 cupiditate
598 2147 707 2196 quod
728 2146 876 2197 opponi
898 2155 1030 2197 posset
1051 2146 1288 2196 praesidium
1314 2160 1394 2184 non
1423 2146 1694 2193 habebamus,
1715 2161 1755 2192 30

408 2258 446 2278 12
470 2249 556 2279 sorte
576 2249 662 2280 Crat.
683 2249 800 2281 Lamb.
821 2261 826 2280 :
850 2249 992 2280 sortasse
1009 2249 1095 2280 codd.
1233 2259 1270 2287 13
1296 2259 1405 2287 neque
1425 2247 1593 2278 soloecum
1614 2254 1694 2287 puto

363 2297 398 2322 ut
415 2317 422 2322 .
442 2316 449 2322 .
470 2316 476 2322 .
498 2303 655 2331 usurpem
676 2294 740 2326 (vel
754 2303 864 2332 neque
881 2294 1048 2323 soloecum
1069 2298 1150 2332 puto
1167 2317 1172 2323 .
1193 2316 1199 2323 .
1220 2316 1226 2323 .
1246 2293 1424 2330 usurpare)
1443 2292 1565 2322 Schelle
1656 2302 1691 2329 14

362 2336 634 2373 sapientissimus
652 2336 701 2365 M¹
721 2349 728 2367 :
753 2337 889 2374 sapiens
914 2347 1001 2366 unus
1026 2336 1079 2365 M²
1191 2346 1234 2374 30
1258 2335 1534 2366 desiderabamus
1552 2335 1622 2366 Van
1641 2335 1698 2365 der

365 2378 461 2410 l'le'ct:
488 2381 682 2410 carebamus
702 2380 739 2410 Ο.
759 2379 796 2410 E.
816 2380 965 2410 Sclnm'dt

1849 2590 1871 2782 l
