1871 2782
292 142 356 180 Li
678 142 734 178 M.
765 141 934 179 TVLLI
965 141 1273 181 CICERONIS

313 251 544 292 memoriam
576 252 748 291 nominis
781 252 849 290 tui.
908 253 986 291 Sed
1021 266 1067 291 ea
1104 260 1163 291 est
1196 251 1268 291 tibi
1306 252 1641 292 communicanda

311 330 479 365 mecum,
501 318 708 367 prodenda
732 316 864 356 liberis
887 317 1028 356 nostris
1045 333 1056 366 3
1086 317 1126 356 in
1154 332 1232 368 qua
1254 318 1476 356 cavendum
1496 326 1555 356 est
1577 333 1638 367 ne,

311 381 342 420 si
369 381 636 432 neglegentior
661 381 789 430 fueris,
811 381 882 421 tibi
902 396 1040 433 parum
1061 382 1306 421 consuluisse
1335 383 1404 421 sed
1426 382 1544 421 etiam
1564 383 1641 423 tuis

311 445 498 485 invidisse
517 446 694 486 videaris.

365 513 500 561 Atque
526 512 625 550 haec
651 526 733 551 non
761 525 809 551 eo
838 512 1024 551 dicuntur
1050 520 1092 551 ut
1117 520 1155 552 te
1182 512 1306 552 oratio
1333 526 1422 551 mea
1445 512 1641 551 dormien-
1660 526 1678 558 5

312 582 393 614 tem
422 575 611 615 excitasse
641 578 710 615 sed
745 576 876 627 potius
909 584 952 615 ut
983 584 1204 616 currentem
1236 576 1420 617 incitasse
1450 577 1638 617 videatur.

313 641 447 680 Facies
486 641 593 680 enim
631 650 822 692 perpetuo
860 656 961 692 quae
992 642 1118 681 fecisti
1148 650 1192 681 ut
1223 656 1362 681 omnes
1400 642 1639 692 aequitatem

311 714 429 753 tuam,
454 707 765 757 temperantiam,
789 707 1036 745 severitatem
1057 707 1400 757 integritatemque
1420 708 1636 747 laudarent.

311 772 389 809 Sed
417 785 480 810 me
507 773 703 821 quaedam
725 779 831 810 tenet
852 779 1011 821 propter
1030 771 1266 821 singularem
1291 785 1467 811 amorem
1487 771 1641 810 infinita

309 835 349 872 in
370 843 408 874 te
428 836 593 875 aviditas
619 836 774 886 gloriae.
835 837 1090 885 Quamquam
1115 835 1212 874 illud
1234 835 1424 883 existimo,
1448 850 1539 874 cum
1560 836 1639 875 iam
1660 853 1700 876 10

309 899 380 938 tibi
408 900 504 939 Asia
533 900 588 939 sic
617 900 674 938 uti
700 900 769 938 uni
800 900 943 950 cuique
975 914 1046 938 sua
1073 901 1217 939 domus
1246 908 1342 939 nota
1367 914 1452 940 esse
1481 902 1636 949 debeat,

309 979 400 1003 cum
424 967 475 1004 ad
501 973 609 1004 tuam
634 978 829 1003 summam
857 965 1109 1015 prudentiam
1137 972 1269 1004 tantus
1297 979 1390 1006 usus
1417 966 1635 1013 accesserit,

307 1030 405 1068 nihil
435 1044 521 1070 esse
550 1032 660 1081 quod
689 1031 739 1069 ad
773 1031 931 1068 laudem
963 1030 1127 1068 attineat
1161 1031 1271 1080 quod
1305 1044 1387 1069 non
1417 1037 1459 1068 tu
1489 1030 1639 1080 optime

306 1095 517 1146 perspicias
538 1103 577 1134 et
597 1095 668 1134 tibi
689 1109 769 1134 non
791 1095 874 1134 sine
895 1095 1129 1145 cuiusquam
1150 1095 1373 1134 hortatione
1394 1095 1435 1134 in
1461 1103 1637 1135 mentem

307 1159 438 1198 veniat
464 1159 620 1199 cotidie.
680 1160 758 1198 Sed
785 1173 858 1209 ego
888 1159 992 1209 quia,
1021 1173 1111 1198 cum
1140 1166 1207 1198 tua
1232 1161 1330 1210 lego,
1362 1167 1400 1198 te
1429 1160 1575 1206 audire,
1598 1168 1637 1199 et
1659 1175 1697 1208 15

308 1224 409 1274 quia,
428 1238 519 1263 cum
549 1226 599 1263 ad
629 1232 667 1263 te
697 1224 836 1271 scribo,
859 1232 990 1262 tecum
1019 1224 1129 1274 loqui
1157 1224 1304 1272 videor,
1327 1224 1474 1263 idcirco
1504 1232 1542 1264 et
1570 1232 1638 1264 tua

307 1289 535 1339 longissima
573 1303 730 1339 quaque
768 1289 935 1339 epistula
973 1288 1142 1328 maxime
1181 1290 1357 1328 delector
1398 1297 1437 1329 et
1476 1289 1559 1340 ipse
1597 1289 1638 1329 in

308 1353 518 1393 scribendo
547 1367 634 1392 sum
665 1367 781 1404 saepe
811 1353 973 1403 longior.

244 1428 288 1469 46
363 1419 468 1457 Illud
501 1426 538 1457 te
576 1420 627 1457 ad
666 1427 884 1457 extremum
919 1427 958 1457 et
992 1432 1062 1457 oro
1101 1426 1139 1457 et
1172 1420 1308 1458 hortor
1345 1426 1398 1466 ut,
1433 1426 1637 1470 tamquam

306 1490 448 1533 poetae
479 1483 574 1522 boni
606 1491 644 1522 et
674 1491 825 1522 actores
852 1483 1034 1522 industrii
1065 1485 1204 1531 solent,
1234 1483 1289 1522 sic
1321 1490 1363 1522 tu
1393 1483 1433 1522 in
1465 1492 1637 1523 extrema
1657 1501 1698 1523 20

306 1555 415 1598 parte
445 1556 483 1587 et
507 1548 762 1587 conclusione
793 1548 965 1587 muneris
994 1562 1040 1586 ac
1065 1548 1198 1598 negoti
1227 1548 1283 1586 tui
1313 1548 1636 1599 diligentissimus

304 1612 358 1650 sis
389 1620 432 1651 ut
463 1612 527 1650 hic
559 1612 693 1651 tertius
718 1626 844 1651 annus
872 1612 1010 1662 imperi
1041 1612 1098 1651 tui
1130 1620 1333 1663 tamquam
1365 1613 1500 1652 tertius
1531 1620 1638 1652 actus

305 1677 611 1727 perfectissimus
642 1685 761 1727 atque
796 1677 1067 1716 ornatissimus
1101 1677 1220 1716 fuisse
1253 1678 1441 1717 videatur.
1503 1680 1551 1717 Id
1583 1681 1635 1717 fa-

305 1741 450 1780 cillime
476 1742 604 1788 facies,
629 1742 660 1780 si
685 1755 748 1780 me
769 1742 832 1780 cui
861 1755 1015 1792 semper
1043 1741 1112 1780 uni
1142 1742 1265 1792 magis
1295 1756 1414 1792 quam
1444 1743 1634 1782 universis

303 1807 458 1856 placere
487 1807 643 1845 voluisti
672 1814 802 1845 tecum
831 1821 986 1857 semper
1010 1820 1094 1845 esse
1120 1806 1278 1857 putabis
1305 1815 1343 1845 et
1373 1808 1558 1847 omnibus
1588 1809 1633 1848 iis
1656 1825 1694 1855 25

304 1871 420 1910 rebus
452 1885 549 1921 quas
578 1871 686 1909 dices
717 1879 754 1910 et
784 1871 902 1910 facies
934 1871 1131 1910 interesse.
1192 1871 1408 1922 Reliquum
1438 1880 1496 1910 est
1524 1880 1567 1910 ut
1596 1881 1635 1911 te

303 1949 411 1975 orem
441 1943 484 1974 ut
518 1936 734 1975 valetudini
764 1944 864 1984 tuae,
897 1937 928 1975 si
963 1950 1026 1975 me
1056 1944 1094 1975 et
1125 1944 1214 1975 tuos
1244 1936 1373 1975 omnis
1407 1939 1534 1976 valere
1563 1937 1630 1987 vis,

303 1999 600 2050 diligentissime
621 2001 774 2040 servias.

244 484 291 521 16

249 553 290 585 45

346 2114 365 2133 2
389 2115 455 2143 quo
473 2105 648 2135 Facct'olatz'
752 2116 771 2144 3
796 2109 871 2135 ante
887 2105 945 2135 tibi
962 2106 1021 2136 ins.
1042 2105 1113 2136 edd.
1132 2106 1232 2136 mulli
1244 2117 1310 2136 non
1329 2106 1437 2136 solum
1463 2118 1526 2146 quo
1542 2117 1635 2147 aegre

302 2158 462 2187 caremus,
476 2148 535 2178 scd
548 2149 585 2187 cf.
608 2149 693 2179 Boot
702 2148 829 2180 adAtt.
845 2149 891 2179 iii.
910 2159 958 2188 15.
973 2159 992 2187 5
1085 2159 1124 2178 10
1148 2150 1181 2178 in
1199 2154 1231 2180 te
1249 2154 1324 2179 ante
1338 2160 1487 2180 amorem
1505 2154 1629 2190 transp.

306 2190 445 2221 Vrsinus
462 2203 469 2222 ε
492 2202 557 2222 om.
576 2192 661 2223 Boot
752 2202 789 2231 15
813 2193 889 2231 quia
906 2216 912 2223 .
934 2217 941 2223 .
961 2216 968 2223 .
989 2192 1067 2231 quia
1088 2191 1295 2232 lVesenberg:
1320 2194 1376 2232 qui
1394 2216 1401 2224 .
1420 2216 1427 2224 .
1448 2217 1454 2223 .
1476 2194 1553 2232 quia
1572 2194 1630 2223 M:

301 2236 359 2273 qui
376 2259 384 2265 .
407 2259 438 2266 ..
460 2236 515 2274 qui
542 2236 630 2276 vulg.
789 2246 830 2266 22
854 2236 991 2277 tertius]
1019 2240 1194 2266 extremus
1217 2236 1303 2266 Boot
1433 2242 1529 2267 actus
1553 2237 1631 2269 add.

302 2281 374 2310 vell.
