1871 2782
422 179 534 217 EPP.
567 179 645 216 AD
676 179 945 227 QVINTVM
976 179 1250 217 FRATREM
1452 179 1483 217 I.
1502 178 1548 216 iii

171 296 294 337 tuum,
317 288 489 328 indicem
510 289 711 328 stultitiam
737 303 876 328 meam.
938 291 1043 328 Illud
1071 290 1231 340 quidem
1261 304 1333 329 nec
1360 289 1501 329 facien-

171 356 268 393 dum
297 362 355 392 est
384 368 457 393 nec
485 354 565 392 fieri
589 361 729 404 potest,
759 367 822 392 me
846 353 993 392 diutius
1023 368 1142 405 quam
1171 363 1238 393 aut
1268 363 1378 394 tuum
1407 362 1501 394 tem-

169 432 242 469 pus
271 427 338 457 aut
365 420 476 457 firma
504 432 592 469 spes
621 417 835 468 postulabit
865 418 905 456 in
935 426 1014 456 tam
1047 419 1186 457 misera
1213 427 1372 470 tamque
1399 419 1500 469 turpi

169 484 248 521 vita
286 483 531 530 commorari,
565 490 607 521 ut
639 482 707 532 qui
742 484 865 521 modo
896 484 1010 522 fratre
1044 483 1195 532 fuerim,
1232 484 1373 532 liberis,
1410 498 1501 522 con-

131 556 150 589 5
170 547 268 598 iuge,
306 547 440 598 copiis,
481 561 624 597 genere
655 547 742 597 ipso
775 547 968 597 pecuniae
1001 548 1262 595 beatissimus,
1297 548 1497 599 dignitate,

168 613 409 659 auctoritate,
450 611 747 659 existimatione,
785 611 907 662 gratia
954 626 1034 651 non
1080 612 1236 651 inferior
1274 626 1392 663 quam
1432 613 1499 663 qui

168 691 358 727 umquam
388 679 543 715 fuerunt
575 676 818 727 amplissimi,
853 676 884 714 is
915 690 1021 716 nunc
1051 676 1091 715 in
1126 679 1199 716 hac
1231 677 1308 715 iarn
1341 677 1500 716 adflicta

168 743 400 794 perditaque
433 744 588 782 fortuna
621 756 752 793 neque
791 756 854 781 me
887 755 1015 793 neque
1047 756 1157 781 meos
1189 744 1319 792 lugere
1351 742 1498 781 diutius

168 808 327 857 possim.

110 882 150 905 10
222 873 314 920 Qua
342 886 382 911 re
411 872 507 923 quid
533 874 584 912 ad
614 887 677 912 me
707 871 892 923 scripsisti
921 873 971 911 de
999 872 1316 923 permutatione?
1372 871 1496 920 Quasi
1518 882 1535 916 7

166 948 259 973 vero
280 950 386 974 nunc
414 951 478 975 me
502 951 584 976 non
603 943 696 976 tuae
713 938 918 975 facultates
945 936 1171 984 sustineant,
1195 950 1273 986 qua
1293 935 1333 973 in
1353 949 1393 974 re
1413 935 1498 986 ipsa

165 1000 284 1039 video
321 1001 440 1040 miser
477 1010 515 1041 et
554 1002 683 1041 sentio
716 1001 812 1052 quid
847 1001 1002 1040 sceleris
1040 1001 1278 1049 admiserim,
1314 1016 1404 1040 cum
1447 1002 1497 1040 de

166 1065 381 1104 visceribus
411 1066 487 1105 tuis
522 1074 560 1105 et
591 1066 645 1105 fili
676 1067 732 1105 tui
772 1066 863 1104 satis
902 1067 1072 1104 facturus
1102 1066 1153 1104 sis
1185 1066 1328 1116 quibus
1362 1067 1494 1113 debes,

166 1143 239 1179 ego
259 1138 463 1181 acceptam
489 1145 536 1169 ex
561 1131 709 1169 aerario
729 1130 937 1181 pecuniam
959 1138 1027 1168 tuo
1048 1130 1208 1168 nomine
1230 1132 1369 1168 frustra
1389 1130 1498 1169 dissi-

109 1207 145 1240 ยน5
164 1194 300 1244 parim.
361 1197 438 1234 Sed
469 1203 601 1233 tamen
625 1202 664 1233 et
690 1197 744 1233 M.
768 1194 957 1240 Antonio,
988 1201 1180 1244 quantum
1207 1202 1249 1232 tu
1277 1195 1494 1245 scripseras,

163 1265 203 1298 et
219 1260 411 1310 Caepioni
432 1261 665 1298 tantundem
686 1261 857 1297 solutum
878 1267 936 1297 est
951 1273 960 1306 3
990 1259 1086 1297 mihi
1106 1260 1157 1297 ad
1177 1258 1217 1297 id
1238 1261 1346 1309 quod
1368 1260 1497 1310 cogito

164 1325 241 1362 hoc
278 1325 387 1374 quod
425 1325 555 1363 habeo
593 1324 685 1362 satis
723 1331 791 1363 est.
865 1323 954 1362 Sive
991 1323 1097 1362 enim
1140 1323 1379 1362 restituimur
1417 1324 1496 1363 sive

163 1389 425 1438 desperamur,
453 1388 550 1426 nihil
579 1388 747 1439 amplius
777 1401 877 1439 opus
904 1396 972 1427 est.
1033 1389 1095 1426 Tu
1125 1387 1157 1426 si
1184 1389 1281 1426 forte
1310 1389 1405 1439 quid
1426 1389 1496 1427 erit

163 1452 376 1501 molestiae,
399 1460 437 1491 te
460 1454 512 1491 ad
544 1454 729 1492 Crassum
757 1460 796 1491 et
824 1454 876 1491 ad
906 1451 1104 1492 Calidium
1131 1454 1309 1491 conferas
1338 1467 1492 1492 censeo.

105 1532 144 1554 20
163 1517 367 1565 Quantum
408 1516 625 1556 Hortensio
663 1518 907 1556 credendum
941 1517 990 1555 sit
1020 1517 1164 1556 nescio.
1238 1519 1308 1556 Me
1342 1528 1533 1558 summas

162 1579 412 1620 simulatione
431 1582 575 1621 amoris
600 1595 835 1632 summaque
861 1581 1098 1620 adsiduitate
1118 1581 1317 1621 cotidiana
1337 1584 1495 1622 scelera-

161 1645 312 1685 tissime
336 1645 715 1696 insidiosissimeque
739 1646 918 1685 tractavit
943 1646 1132 1685 adiuncto
1162 1648 1211 1696 Q.
1234 1647 1372 1696 Arrio,
1401 1662 1495 1698 quo-

161 1724 248 1749 rum
277 1725 350 1762 ego
379 1711 563 1760 consiliis,
593 1711 805 1763 promissis,
835 1712 1053 1762 praeceptis
1083 1711 1293 1750 destitutus
1322 1712 1363 1750 in
1392 1714 1493 1752 hanc

161 1775 424 1814 calamitatem
453 1776 584 1815 incidi.
645 1777 723 1815 Sed
751 1777 848 1814 haec
878 1776 1105 1823 occumbis,
1129 1790 1179 1815 ne
1209 1776 1305 1826 quid
1335 1777 1466 1816 obsint
1483 1793 1494 1826 3

103 1855 141 1887 25
160 1839 257 1878 illud
277 1848 415 1879 caveto
436 1841 491 1892 (et
511 1855 559 1879 eo
579 1848 677 1891 puto
699 1854 768 1891 per
793 1840 1058 1891 Pomponium
1079 1842 1293 1879 fovendum
1316 1841 1386 1880 tibi
1407 1855 1493 1881 esse

159 1904 289 1954 ipsum
320 1905 598 1956 Hortensium)
628 1919 678 1943 ne
708 1905 772 1944 ille
801 1919 944 1952 versus,
975 1905 1041 1955 qui
1072 1905 1112 1942 in
1142 1912 1180 1943 te
1207 1912 1287 1943 erat
1313 1907 1492 1945 conlatus

159 1984 250 2009 cum
279 1971 519 2010 aedilitatem
548 1971 710 2021 petebas
740 1972 790 2010 de
823 1973 908 2021 lege
937 1971 1106 2018 Aurelia,
1138 1972 1236 2009 falso
1265 1971 1491 2011 testimonio

159 2037 420 2074 confirmetur.
481 2036 590 2074 Nihil
617 2035 723 2074 enim
753 2043 832 2074 tam
860 2036 980 2074 timeo
1002 2049 1120 2086 quam
1142 2050 1202 2083 ne,
1233 2049 1323 2074 cum
1344 2035 1491 2075 intelle-

157 2107 250 2149 gant
279 2100 460 2138 homines
489 2107 681 2150 quantum
711 2100 1000 2139 misericordiae
1024 2100 1139 2139 nobis
1170 2108 1259 2139 tuae
1288 2114 1424 2150 preces
1451 2108 1490 2139 et

100 2183 140 2213 30
159 2172 225 2203 tua
245 2166 347 2203 salus
368 2166 546 2203 adlatura
565 2165 623 2211 sit,
643 2172 873 2215 oppugnent
886 2172 924 2203 te
940 2164 1222 2203 vehementius.
1275 2167 1487 2203 Messalam
1506 2177 1526 2208 9

158 2229 214 2267 tui
243 2229 463 2268 studiosum
493 2242 578 2268 esse
603 2228 790 2277 arbitr0r3
821 2229 1055 2280 Pompeium
1082 2229 1199 2268 etiam
1221 2229 1488 2269 simulatorem

205 2343 243 2363 12
268 2344 341 2363 curn
359 2338 394 2363 tu
411 2334 452 2363 de
475 2332 681 2373 DVesenbetg:
707 2333 795 2372 quod
814 2343 889 2364 cum
907 2334 949 2365 de
965 2334 1044 2365 coni.
1072 2332 1195 2373 Tyrrell
1326 2343 1363 2373 15
1388 2338 1422 2364 et
1440 2333 1484 2365 M.

159 2375 213 2406 Mnt
228 2388 236 2407 :
259 2381 292 2406 et
310 2377 388 2407 inde
405 2375 458 2406 Mยน
474 2389 480 2408 :
506 2377 584 2407 inde
601 2381 635 2407 et
655 2375 846 2418 chsenberg
944 2378 984 2407 16
1007 2382 1040 2408 et
1057 2377 1134 2408 acld.
1154 2376 1275 2408 Lamb.
1377 2387 1418 2408 22
1443 2377 1483 2416 Q.

165 2418 354 2460 Wesenbeaeg
374 2432 380 2452 :
405 2429 537 2459 quoque
555 2418 597 2449 M
