1871 2782
923 327 1087 364 SIGLA

580 455 658 481 PER
686 454 903 480 EPiS'sVLAs
929 453 985 478 AD
1013 452 1208 485 QUINTVM
1239 452 1438 478 FRATREM

509 518 558 552 M
573 533 605 544 =
623 515 739 551 codex
760 514 953 550 Mediceus
970 523 1026 557 49.
1050 515 1091 549 18
1110 513 1220 548 saecl.
1240 513 1310 557 xiv,
1329 526 1374 548 xv

490 573 556 610 M¹
574 591 608 603 =
626 573 762 609 codicis
783 571 942 607 Medicei
963 583 1095 606 manus
1114 571 1232 616 prima

489 632 556 668 M2
573 649 607 660 =
625 632 761 668 codicis
782 630 942 666 Medicei
962 641 1094 665 manus
1112 631 1227 665 altera

532 693 609 727 C=
627 692 743 727 codex
763 689 981 733 Cratandri3
1010 689 1053 724 cf.
1074 688 1196 724 Praef.

523 752 557 784 R
574 767 607 778 =
624 749 737 785 editio
758 751 930 783 Romana
951 756 1041 790 1470

538 810 608 843 J=
624 808 738 843 editio
760 806 984 842 Iensoniana
1006 814 1095 849 1470

625 901 702 926 PER
729 899 1128 927 COMMENTARIOLVM
1157 898 1394 925 PETITIONIS

513 961 557 994 H
571 976 605 987 =
623 959 738 993 codex
758 958 984 993 Harleianus
1002 958 1094 992 2682
1115 957 1224 992 saecl.
1243 956 1276 991 xi

520 1020 604 1052 F=
622 1018 738 1052 codex
780 1016 866 1051 olim
906 1016 1134 1051 Erfurtensis
1176 1027 1276 1050 nunc
1317 1015 1569 1050 Berolinensis
1608 1024 1674 1059 252

669 1077 779 1111 saecl.
805 1076 864 1120 xii,
888 1075 949 1110 xiii

400 1137 490 1181 Lag.
513 1144 555 1180 50
572 1151 605 1163 =
623 1135 740 1169 codex
759 1125 1111 1179 Lagornarsinianus
1134 1142 1176 1178 50

467 1196 552 1229 dett.
570 1209 605 1221 =
622 1193 823 1228 deteriores
842 1193 988 1227 codices

711 1288 788 1314 PER
816 1288 1034 1314 EPISTVLAS
1062 1288 1117 1313 AD
1144 1287 1312 1313 BRVTVM

349 1351 406 1393 M,
420 1351 469 1385 M
475 1349 495 1392 ¹,
508 1351 557 1384 sil
563 1348 587 1395 ²,
604 1351 641 1392 (ᾇ,
653 1350 698 1393 li',
711 1350 744 1393 l,
764 1352 807 1383 ut
823 1352 940 1393 supra

492 1409 554 1443 Ls.
572 1423 606 1435 =
625 1408 739 1442 codex
759 1406 1104 1450 Laurisheimensis,
1123 1413 1209 1441 ante
1228 1408 1336 1441 saecl.
1355 1406 1388 1441 xi
1404 1418 1412 1450 ;
1440 1407 1485 1442 cf.
1506 1406 1625 1440 Praef.

530 1471 553 1498 Σ
571 1482 604 1494 =
624 1466 792 1500 codicum
827 1464 967 1499 familia
1000 1478 1022 1499 a
1052 1465 1271 1499 Lehmanno
1307 1465 1342 1500 in
1374 1465 1495 1500 lucem
1526 1464 1679 1509 prolata.

667 1535 762 1569 quae
788 1524 835 1557 ab
864 1525 901 1557 M
932 1523 1117 1568 discrepat

506 1583 559 1617 Αἵ
577 1599 609 1610 =
629 1582 743 1616 editio
762 1582 993 1617 Ascensiana
1011 1582 1176 1616 secunda
1197 1590 1341 1626 1521—2.

656 1672 734 1698 PER
762 1671 991 1698 EPISTVLAM
1020 1672 1074 1697 AD
1102 1671 1371 1698 OCTAVIANVM

350 1735 405 1775 M,
420 1732 500 1776 ill¹³
514 1733 591 1776 ast,
606 1734 645 1774 C,
658 1735 703 1777 R,
716 1735 748 1776 l,
767 1737 810 1767 ul
825 1736 941 1778 supra

528 1793 562 1825 T
575 1807 608 1819 =
627 1792 743 1826 codex
761 1803 834 1837 quo
853 1792 1049 1826 Turnebus
1068 1803 1155 1826 usus
1175 1798 1251 1833 est;
1280 1792 1325 1826 cf.
1347 1793 1464 1826 Praef.

775 1882 852 1907 PER
881 1881 1011 1907 OMNIS
1038 1881 1255 1907 EPJS'rVLAs

460 1944 558 1977 Cral.
577 1958 609 1970 =
629 1942 823 1976 Cratandri
843 1942 954 1976 editio

471 2002 556 2035 Vlct.
574 2016 608 2028 =
626 1999 765 2035 Victori
785 2000 898 2035 editio

451 2060 558 2092 illan.
577 2074 610 2085 =
631 2058 777 2093 Manuti
796 2058 909 2093 editio

430 2116 558 2151 Lamb.
576 2132 609 2143 =
631 2116 800 2150 Lambini
820 2117 933 2151 editio

457 2174 554 2209 codd.
575 2189 609 2201 =
627 2186 830 2209 consensus
849 2175 1017 2210 codicum
1037 2175 1095 2211 vel
1113 2175 1279 2210 omnium
1298 2176 1354 2210 vel
1372 2175 1681 2220 praestantiorum

669 2244 733 2277 per
751 2233 915 2277 singulas
935 2234 1049 2279 partis

470 2294 556 2325 vett.
573 2307 607 2318 =
625 2291 771 2326 codices
794 2291 1014 2326 recentiores
1033 2292 1238 2326 editoresve
1257 2291 1389 2326 vetusti

456 2350 557 2393 vulg.
576 2365 609 2377 =
628 2350 808 2394 scriptura
829 2351 864 2384 in
883 2350 1106 2385 editionibus
1123 2350 1274 2394 vulgata
