1871 2782
424 164 536 202 EPP.
568 165 647 201 AD
677 164 943 213 QVINTVM
976 165 1250 202 FRATREM
1423 168 1477 205 ΙΙ.
1496 167 1572 203 viii

171 281 229 311 est
250 280 287 311 et
308 281 446 311 natura
465 273 706 312 imbecillior.
758 274 819 311 De
840 272 1151 323 interpellatione
1169 281 1319 312 tantum
1341 287 1494 313 sumam
1513 285 1540 323 4

170 351 192 375 a
225 337 336 375 vobis
375 337 560 387 temporis
597 338 648 375 ad
686 336 937 375 scribendum
972 345 1162 387 quantum
1203 338 1355 376 dabitis.
1414 337 1495 375 Vti-

170 415 261 439 nam
286 402 382 440 nihil
412 402 522 449 detis,
545 409 587 440 ut
615 401 745 452 potius
766 409 893 439 vestra
919 400 1058 440 iniuria
1082 416 1200 452 quam
1230 402 1381 452 ignavia
1408 415 1496 440 mea

169 479 318 504 cessem
339 470 345 505 1

132 535 149 566 5
225 533 286 569 De
320 546 360 570 re
393 531 551 582 publica
581 531 747 569 nimium
781 538 820 569 te
853 532 1028 570 laborare
1067 533 1184 570 doleo
1219 539 1257 570 et
1292 531 1493 570 meliorem

169 595 294 634 civem
324 610 408 635 esse
438 610 556 646 quam
582 596 853 643 Philoctetam,
881 595 948 645 qui
976 603 1139 646 accepta
1168 595 1306 634 iniuria
1337 610 1382 633 ea
1411 609 1494 645 spe-

168 662 319 698 ctacula
342 661 554 710 quaerebat
575 674 676 710 quae
702 660 773 698 tibi
799 661 940 698 acerba
966 673 1051 698 esse
1076 660 1202 698 video.
1262 660 1420 697 Amabo
1441 667 1492 707 te,

166 726 307 763 advola
342 726 592 776 (consolabor
623 733 660 763 te
695 732 733 763 et
766 738 926 763 omnem
959 724 1192 774 abstergebo
1224 724 1418 773 dolorem)
1453 731 1492 762 et

166 791 307 837 adduc,
341 790 372 828 si
406 804 469 829 me
502 804 619 838 amas,
658 789 854 838 Marium3
893 790 963 829 sed
1000 790 1267 840 adproperate.
1340 790 1491 827 Hortus

110 870 148 892 10
165 854 272 892 domi
304 862 371 893 est.

208 982 275 1016 IX
451 986 520 1020 Ser.
539 989 665 1019 ineunte
682 999 788 1019 meuse
804 988 981 1019 Februario
996 998 1026 1019 a.
1047 997 1105 1027 700
1124 987 1205 1029 (54).

401 1063 591 1096 MARCVS
618 1065 793 1104 QVINTO
820 1064 995 1095 FRATRI
1022 1063 1248 1095 SALVTEM.

219 1140 437 1190 Epistulam
458 1143 560 1179 hanc
581 1142 760 1180 convicio
781 1141 1038 1191 efflagitarunt
1062 1140 1232 1179 codicilli
1258 1139 1324 1178 tui.
1385 1141 1489 1179 Nam
1510 1152 1529 1180 1

163 1218 222 1243 res
253 1204 413 1254 quidem
443 1205 527 1255 ipsa
556 1213 594 1243 et
620 1206 651 1243 is
678 1206 762 1244 dies
791 1219 872 1255 quo
901 1212 943 1243 tu
972 1218 1014 1243 es
1043 1206 1240 1254 profectus
1269 1204 1366 1242 nihil
1393 1204 1490 1242 mihi

105 1279 142 1310 15
161 1269 213 1306 ad
254 1269 505 1307 scribendum
552 1269 771 1319 argumenti
813 1282 907 1307 sane
946 1269 1076 1307 dabat.
1153 1270 1231 1307 Sed
1279 1282 1398 1318 quem
1437 1269 1489 1307 ad

162 1334 326 1370 modum
355 1346 488 1371 coram
515 1347 606 1371 cum
636 1347 772 1372 sumus
800 1347 929 1372 sermo
958 1333 1073 1372 nobis
1100 1335 1238 1372 deesse
1268 1346 1348 1371 non
1375 1335 1485 1380 solet,

161 1396 216 1435 sic
257 1396 446 1447 epistulae
488 1406 644 1436 nostrae
682 1398 830 1436 debent
868 1398 1066 1436 interdum
1104 1398 1301 1436 alucinari.
1362 1400 1530 1437 Tene-2

161 1461 315 1499 diorum
341 1461 455 1511 igitur
481 1462 638 1501 libertas
664 1463 791 1502 securi
810 1463 989 1501 Tenedia
1012 1463 1186 1513 praecisa
1212 1471 1279 1510 est,
1304 1477 1394 1501 cum
1419 1476 1487 1501 eos

160 1534 313 1576 praeter
345 1540 409 1565 me
443 1535 482 1566 et
516 1527 704 1566 Bibulum
737 1535 776 1566 et
810 1527 1009 1567 Calidium
1040 1535 1078 1566 et
1111 1527 1329 1566 Favonium
1369 1541 1488 1566 nemo

102 1609 142 1630 20
160 1592 397 1630 defenderet.
459 1594 522 1630 De
559 1600 599 1631 te
635 1606 659 1630 a
697 1592 949 1642 Magnetibus
987 1593 1038 1630 ab
1070 1592 1203 1642 Sipylo
1242 1592 1391 1630 mentio
1430 1600 1489 1631 est

159 1656 376 1695 honorifica
394 1657 507 1704 facta,
530 1670 621 1695 cum
642 1664 680 1695 te
700 1671 824 1695 unum
845 1657 1020 1695 dicerent
1044 1657 1299 1707 postulationi
1320 1659 1363 1695 L.
1388 1658 1488 1695 Sesti

159 1722 310 1759 Pansae
342 1721 538 1760 restitisse.
604 1722 783 1772 Reliquis
822 1722 963 1760 diebus
997 1721 1029 1759 si
1069 1721 1165 1771 quid
1200 1721 1269 1760 erit
1308 1723 1416 1771 quod
1450 1730 1488 1760 te

158 1785 255 1824 scire
275 1799 375 1836 opus
395 1786 454 1833 sit,
476 1794 543 1825 aut
573 1786 690 1824 etiam
712 1787 743 1825 si
769 1785 866 1824 nihil
886 1786 967 1833 erit,
992 1794 1124 1824 tamen
1147 1786 1314 1824 scribam
1340 1786 1486 1825 cotidie

156 1850 315 1900 aliquid.
375 1851 506 1889 Pridie
538 1853 635 1890 Idus
666 1865 795 1901 neque
829 1851 899 1890 tibi
930 1864 1060 1901 neque
1095 1851 1320 1900 Pomponio
1352 1852 1481 1890 deero.

98 1923 137 1955 25
158 1915 316 1953 Lucreti
344 1923 538 1966 poemata,
567 1924 610 1954 ut
638 1916 783 1962 scribis,
813 1916 867 1953 ita
895 1924 996 1962 sunt,
1024 1916 1155 1953 multis
1186 1916 1400 1954 luminibus
1430 1916 1484 1954 in·
1502 1926 1527 1964 3

156 1979 256 2029 geni,
289 1982 436 2018 multae
472 1988 606 2019 tamen
642 1981 746 2019 artis.
813 1981 892 2019 Sed
925 1994 1016 2019 eum
1055 1980 1217 2019 veneris.
1277 1980 1416 2019 Virum
1445 1989 1483 2020 te

199 2094 240 2114 20
266 2083 477 2123 Magnetibus
493 2083 568 2116 Vsct.
586 2096 593 2115 :
617 2080 694 2123 msg
708 2084 767 2115 M:
791 2084 897 2124 magis
913 2085 946 2114 R
1057 2095 1098 2124 25
1117 2086 1162 2116 ita
1180 2091 1267 2125 sunt,
1289 2096 1355 2117 non
1372 2086 1485 2117 multis

153 2125 495 2157 ErnestiLaclzmann
511 2139 518 2158 z
541 2138 610 2158 non
629 2128 673 2158 ita
690 2134 768 2158 sunt
782 2129 892 2159 multis
913 2129 988 2160 Vict.
1096 2131 1138 2159 26
1164 2129 1288 2160 multae
1306 2134 1416 2160 tamen
1434 2129 1483 2166 M,

153 2171 190 2209 cf.
204 2170 380 2200 Lehmann
395 2171 459 2200 ‘De
470 2175 538 2210 epp.
551 2171 598 2201 ad
606 2172 678 2203 Att.
694 2171 817 2203 recens?
831 2182 978 2212 193—195
996 2184 1002 2203 :
1022 2173 1146 2203 multae
1161 2173 1262 2203 etiam
1278 2173 1398 2204 Orelli:
1417 2184 1484 2204 non

153 2214 278 2244 multae
306 2219 418 2244 tamen
443 2214 551 2254 Bergk
763 2215 831 2246 Sed
849 2225 923 2246 cum
946 2217 1091 2248 veneris.
1121 2218 1174 2255 (sc.
1200 2217 1300 2255 plura
1328 2216 1364 2246 de
1391 2227 1427 2247 ea
1454 2228 1486 2247 re

153 2257 334 2296 loquemur,
353 2261 389 2287 ut
410 2263 501 2298 saepe
515 2262 521 2274 ‘
533 2257 591 2288 sed
612 2269 722 2288 coram
734 2258 741 2269 '
758 2269 781 2289 e.
789 2270 826 2299 g.
840 2259 873 2288 A
879 2263 910 2290 tt.
930 2259 984 2290 xii.
1004 2269 1056 2290 21.
1070 2260 1102 2298 2)
1129 2260 1249 2299 Tyrrell
1364 2260 1395 2290 T
1391 2263 1484 2290 olum

152 2300 260 2330 locum
284 2301 329 2331 ita
346 2301 512 2341 refingunt
533 2302 600 2331 duo
615 2302 854 2342 viriingeniosi,
874 2303 1019 2333 Munro:
1044 2304 1089 2333 ita
1114 2309 1202 2341 sunt,
1224 2304 1336 2335 multis
1354 2303 1483 2334 lumini-

153 2343 213 2373 bus
227 2345 341 2382 ingeni
357 2356 363 2375 ι
387 2346 511 2375 multae
524 2350 636 2375 tamen
651 2346 732 2376 artis
746 2356 820 2376 esse
835 2356 908 2376 cum
922 2346 1105 2385 inveneris,
1117 2347 1225 2377 virum
1240 2352 1273 2377 te
1288 2348 1411 2386 putabo
1427 2359 1434 2378 z
1455 2348 1483 2377 si

153 2386 291 2417 Sallusti
308 2390 368 2418 &c.
386 2400 394 2425 ;
419 2388 545 2428 Bergk:
571 2389 616 2418 ita
629 2394 706 2419 sunt
723 2401 730 2420 z
754 2389 867 2419 multis
880 2390 1059 2419 luminibus
1074 2390 1201 2428 ingeni,
1219 2400 1285 2420 non
1300 2391 1424 2421 multae
1437 2395 1484 2421 ta-

152 2439 228 2460 men
242 2431 331 2461 artis.
368 2431 436 2462 Sed
449 2431 478 2462 si
491 2432 532 2462 ad
545 2432 736 2462 umbilicum
749 2432 883 2463 veneris
896 2433 1001 2462 virum
1015 2437 1048 2463 te
1062 2433 1202 2473 putabo:
1223 2435 1249 2463 si
1269 2433 1404 2464 Sallusti
1422 2437 1482 2466 διο.
