1871 2782
245 165 296 202 11.
317 162 394 201 xiv
711 158 766 194 M.
798 156 968 194 TVLLI
999 154 1306 195 CICERONIS

304 406 327 432 2

303 1450 326 1487 3

348 271 464 309 iratus
491 267 617 315 alicui,
641 268 710 306 sed
737 268 813 305 hoc
840 266 941 305 facio
968 278 1122 316 semper
1152 272 1204 313 ut,
1235 264 1476 315 quicumque
1502 265 1675 304 calamus

348 335 386 373 in
410 347 548 372 manus
569 346 675 371 meas
697 331 856 378 venerit,
879 345 927 369 eo
948 331 1002 369 sic
1023 338 1108 369 utar
1128 338 1331 380 tamquam
1353 330 1471 369 bono.

401 402 550 438 Verum
588 398 748 436 attende
787 410 904 443 nunc,
938 396 992 434 mi
1026 396 1174 446 optime
1208 404 1247 434 et
1285 395 1514 434 suavissime
1547 397 1673 442 frater,

345 466 397 503 ad
424 477 470 502 ea
494 464 590 501 dum
620 461 791 500 rescribo
823 474 924 510 quae
953 468 996 498 tu
1025 460 1065 498 in
1094 462 1168 498 hac
1199 461 1339 499 eadem
1372 459 1477 498 brevi
1508 459 1674 509 epistula

345 532 605 583 πραγματικῶς
632 528 746 566 valde
780 525 976 576 scripsisti.
1037 528 1098 564 De
1128 539 1207 576 quo
1239 526 1338 576 petis
1367 532 1409 564 ut
1435 526 1486 564 ad
1512 532 1550 563 te
1576 524 1673 563 nihil
1693 537 1709 569 5

346 597 559 641 occultans,
593 592 690 631 nihil
724 591 985 638 dissimulans,
1020 591 1116 628 nihil
1150 591 1221 629 tibi
1259 590 1467 640 indulgens
1504 589 1674 640 genuine

345 661 591 708 fraterneque
611 656 833 702 rescribam,
852 655 893 693 id
914 663 983 703 est,
1002 663 1131 694 utrum
1153 657 1284 697 †voles
1305 663 1348 694 ut
1368 655 1604 695 dixerimus†
1623 656 1675 694 ad

345 723 637 774 expediendum
667 729 716 768 te,
743 721 773 760 si
803 734 921 759 causa
951 720 1008 767 sit,
1036 734 1290 759 commorere.
1350 720 1401 767 Si,
1430 720 1484 758 mi
1515 720 1674 769 Quinte,

345 802 463 838 parva
500 788 632 838 aliqua
677 800 736 825 res
775 793 878 824 esset
916 785 955 823 in
995 799 1072 836 qua
1110 785 1349 824 sciscitarere
1387 785 1483 835 quid
1521 787 1673 832 vellem,

345 862 488 901 tamen,
511 867 603 892 cum
633 852 703 891 tibi
733 851 992 902 permissurus
1017 864 1143 889 essem
1163 858 1207 889 ut
1233 852 1379 889 faceres
1406 852 1515 901 quod
1543 852 1672 898 velles,
1700 865 1735 887 ιο

345 931 418 968 ego
452 918 536 968 ipse
570 917 666 968 quid
700 918 841 955 vellem
877 916 1137 955 ostenderem.
1213 918 1261 954 In
1293 917 1367 954 hac
1400 929 1492 955 vero
1525 929 1565 954 re
1598 917 1676 954 hoc

346 984 523 1033 profecto
561 981 726 1032 quaeris,
762 981 872 1019 cuius
911 980 1021 1019 modi
1059 980 1170 1019 illum
1207 993 1357 1019 annum
1396 980 1463 1031 qui
1501 980 1677 1031 sequitur

345 1054 581 1097 exspectem.
642 1048 763 1084 Plane
792 1053 859 1084 aut
890 1045 1143 1096 tranquillum
1173 1044 1288 1084 nobis
1321 1052 1389 1083 aut
1419 1052 1522 1084 certe
1551 1045 1676 1083 muni-

344 1111 550 1158 tissimum,
583 1112 691 1161 quod
724 1111 869 1149 cotidie
900 1112 1054 1158 domus,
1087 1112 1196 1160 quod
1226 1111 1366 1157 sorum,
1397 1111 1507 1160 quod
1537 1110 1676 1148 theatri

345 1176 650 1226 significationes
683 1178 881 1215 declarant
896 1191 905 1224 5
949 1190 1022 1214 nec
1057 1177 1272 1223 †laborant,
1303 1177 1413 1226 quod
1443 1180 1555 1216 meat
1586 1190 1676 1214 con-
1697 1191 1734 1222 15

344 1241 509 1281 scientia
537 1242 739 1292 copiarum
769 1249 1000 1288 nostrarum,
1028 1242 1136 1291 quod
1164 1241 1351 1288 Caesaris,
1375 1242 1485 1291 quod
1511 1242 1675 1291 Pompei

345 1307 507 1357 gratiam
528 1315 719 1354 tenemus,
742 1308 839 1345 haec
860 1321 923 1345 me
943 1314 986 1345 ut
1007 1308 1206 1345 confidam
1227 1306 1384 1345 faciunt.
1447 1306 1514 1345 Sin
1534 1307 1674 1356 aliquis

346 1381 525 1423 erumpet
555 1373 722 1412 amentis
753 1372 923 1411 hominis
955 1374 1070 1419 furor,
1100 1372 1233 1410 omnia
1261 1380 1352 1410 sunt
1377 1372 1428 1410 ad
1453 1386 1544 1410 eum
1563 1374 1676 1410 -fran-

345 1439 519 1488 gendum
547 1438 738 1487 expedita.
800 1440 913 1476 Haec
938 1437 990 1475 ita
1017 1436 1153 1483 sentio,
1177 1436 1320 1483 iudico,
1342 1437 1394 1474 ad
1415 1444 1452 1474 te
1476 1438 1674 1486 explorate

342 1503 498 1551 scribo;
541 1504 722 1542 dubitare
761 1511 798 1542 te
836 1518 916 1542 non
955 1502 1219 1542 adsentatorie
1257 1504 1327 1541 sed
1365 1504 1532 1541 fraterne
1569 1510 1670 1541 veto.
1695 1518 1735 1539 20

346 1570 436 1618 Qua
458 1583 497 1608 re
524 1570 723 1608 suavitatis
751 1569 936 1619 equidem
958 1576 1114 1607 nostrae
1140 1570 1328 1607 fruendae
1349 1582 1467 1606 causa
1487 1582 1672 1618 cuperem

344 1642 382 1673 te
402 1636 454 1673 ad
475 1634 516 1673 id
537 1642 692 1685 tempus
713 1635 844 1673 venire
869 1636 977 1684 quod
1005 1634 1168 1682 dixeras,
1191 1636 1261 1672 sed
1289 1633 1385 1672 illud
1410 1635 1515 1672 malo
1539 1642 1672 1672 tamen

344 1701 452 1750 quod
474 1708 587 1750 putas
609 1700 732 1749 magis
752 1714 774 1738 e
794 1713 833 1738 re
855 1707 930 1737 tua.
989 1701 1093 1737 Nam
1114 1699 1179 1737 illa
1199 1698 1317 1737 etiam
1339 1698 1469 1747 magni
1493 1698 1670 1746 aestimo,

343 1766 585 1814 ἀμφιλαφίαν
605 1765 711 1802 illam
733 1772 840 1802 tuam
861 1771 899 1802 et
923 1763 1224 1814 explicationem
1252 1762 1476 1801 debitorum
1501 1770 1669 1801 tuorum.

344 1831 449 1868 Illud
471 1829 633 1879 quidem
654 1829 708 1868 sic
729 1830 885 1876 habeto,
911 1828 1006 1867 nihil
1034 1828 1148 1867 nobis
1176 1827 1367 1879 expeditis
1395 1827 1426 1866 si
1453 1828 1671 1867 valebimus
1693 1841 1730 1872 25

341 1901 424 1938 fore
445 1899 687 1937 fortunatius.

397 1967 520 2003 Parva
548 1972 638 2002 sunt
666 1978 766 2014 quae
797 1965 940 2003 desunt
970 1978 1040 2014 pro
1068 1964 1209 2002 nostris
1235 1963 1397 2014 quidem
1424 1964 1610 2011 moribus,
1634 1971 1672 2002 et

342 2042 388 2067 ea
425 2036 517 2067 sunt
554 2030 605 2067 ad
644 2029 921 2079 explicandum
961 2029 1264 2079 expeditissima,
1299 2030 1420 2068 modo
1458 2030 1668 2067 valeamus.

383 2134 404 2163 6
427 2133 575 2172 genuine
593 2131 644 2161 Ml
663 2143 669 2162 :
698 2133 832 2171 gemine
852 2132 904 2161 M2
921 2144 928 2163 ε
963 2133 1112 2172 ingenue
1129 2132 1214 2163 Boot
1229 2132 1297 2164 coll.
1314 2133 1410 2164 Fam.
1430 2143 1459 2163 v.
1480 2143 1509 2163 2.
1530 2142 1571 2163 2:
1595 2142 1669 2171 ger-

340 2186 437 2206 manc
454 2176 474 2205 I
485 2176 587 2206 Orelli
674 2187 690 2214 7
717 2182 828 2206 utrum
847 2177 985 2206 advoles
1004 2181 1039 2206 ut
1057 2177 1191 2206 dixeras
1207 2176 1319 2215 (velut
1333 2176 1457 2206 Sclzic‘tz
1472 2175 1614 2206 dixeris*
1627 2185 1670 2205 an

341 2220 381 2249 ad
400 2219 595 2259 lVesenberg‚
612 2219 760 2258 idemque
773 2220 1243 2259 Kayserm'sidixeramuspro
1256 2219 1392 2249 dixeras
1445 2229 1482 2257 13
1500 2223 1557 2249 aut
1569 2219 1669 2258 plane

347 2262 533 2302 Wesenberg
679 2272 716 2301 15
743 2263 932 2293 laboramus
959 2263 1166 2293 conscientia
1197 2263 1268 2302 (del.
1288 2263 1377 2302 quod
1405 2266 1491 2299 mea)
1523 2261 1646 2292 §chatz
1663 2273 1670 2292 :

341 2306 428 2336 labat
445 2307 583 2345 antiqua
601 2317 673 2336 mea
692 2307 898 2336 conscientia
916 2305 1051 2346 Madvzjg
1158 2317 1198 2345 23
1223 2318 1241 2337 e
1259 2317 1294 2336 re
1312 2311 1376 2337 tua.
1408 2306 1492 2335 Nam
1512 2306 1670 2345 Madvzg:

342 2349 442 2379 etiam
458 2349 519 2379 M:
543 2350 698 2379 lacunam
713 2350 832 2380 indimt
849 2349 1037 2390 Ili-senbmg
1054 2349 1289 2389 ubipertinere
1306 2350 1348 2379 ad
1363 2354 1510 2380 nostram
1524 2349 1668 2388 dignita-

343 2397 407 2422 tem
426 2393 475 2422 vel
488 2392 592 2422 simile
608 2393 689 2430 quid
707 2393 853 2423 excidisse
872 2396 969 2432 palat
1099 2403 1140 2432 24
1165 2393 1427 2433 explicationem
1441 2392 1562 2423 Scln'ilz
1580 2403 1586 2422 :
1611 2402 1668 2423 cx-

335 2435 583 2474 spcctationem
602 2435 658 2468 Μ;
686 2436 937 2476 expeditionem
957 2436 1109 2467 Tunslall
