1871 2782
346 627 426 680 M.
482 626 748 679 TVLLI
810 626 1310 682 CICERONIS

566 766 1084 814 EPISTVLARVM

374 861 478 909 AD
530 862 875 923 QVINTVM
929 862 1290 911 FRATREM

610 996 803 1043 LIBRI
857 997 1044 1044 TRES

613 1199 785 1235 LIBER
824 1199 1036 1236 PRIMVS

204 1314 227 1349 1
380 1317 449 1349 διν.
471 1317 601 1348 Romae
616 1328 664 1349 cx.
684 1328 714 1349 a.
737 1318 801 1358 694
821 1317 889 1358 (60)
909 1317 1028 1348 autin.
1049 1328 1079 1349 α.
1101 1318 1160 1359 695
1179 1318 1259 1360 (59).

494 1394 685 1425 MARCVS
710 1394 888 1433 QVINTO
916 1394 1091 1425 FRATRI
1118 1395 1153 1426 S.

216 1471 301 1510 Etsi
330 1485 411 1510 non
441 1471 673 1510 dubitabam
702 1470 799 1521 quin
833 1472 935 1509 hanc
967 1471 1174 1521 epistulam
1205 1472 1318 1511 multi
1348 1473 1485 1521 nuntii,
1509 1457 1526 1537 ξ

160 1538 265 1575 fama
298 1536 471 1586 denique
505 1544 607 1574 esset
644 1535 728 1586 ipsa
766 1549 836 1574 sua
869 1536 1066 1575 celeritate
1101 1545 1328 1587 superatura
1366 1546 1488 1588 tuque

124 1609 251 1647 5ante
289 1601 341 1639 ab
377 1601 462 1639 aliis
499 1601 703 1639 auditurus
743 1615 848 1639 esses
887 1615 1035 1639 annum
1081 1602 1237 1641 tertium
1278 1603 1488 1642 accessisse

161 1667 357 1705 desiderio
377 1674 512 1704 nostro
536 1674 574 1705 et
597 1667 722 1705 labori
751 1674 831 1714 tuo,
854 1674 987 1705 tamen
1015 1667 1231 1707 existimavi
1255 1682 1278 1707 a
1305 1683 1368 1708 me
1395 1683 1489 1719 quo-

161 1745 237 1781 que
258 1730 329 1769 tibi
358 1730 474 1769 huius
503 1731 706 1770 molestiae
735 1731 918 1770 nuntium
948 1732 1106 1782 perferri
1134 1741 1323 1783 oportere.
1384 1735 1487 1772 Nam

161 1795 425 1846 superioribus
445 1796 580 1834 litteris
604 1810 686 1834 non
709 1796 797 1834 unis
818 1798 887 1835 sed
908 1797 1095 1846 pluribus,
1119 1812 1210 1836 cum
1237 1798 1313 1836 iam
1335 1799 1385 1836 ab
1404 1798 1488 1836 aliis

161 1862 366 1911 desperata
386 1876 446 1900 res
465 1870 578 1909 esset,
601 1870 733 1900 tamen
754 1862 824 1900 tibi
838 1876 910 1913 ego
931 1877 1041 1914 spem
1058 1872 1230 1902 maturae
1248 1863 1487 1902 decessionis

104 1941 143 1964 10
161 1927 398 1973 adferebam,
444 1940 526 1964 non
564 1928 692 1964 solum
730 1934 773 1965 ut
817 1941 935 1977 quam
976 1928 1195 1966 diutissime
1238 1936 1276 1967 te
1315 1928 1488 1967 iucunda

161 1990 348 2040 opinione
377 1991 616 2028 oblectarem
646 1992 716 2029 sed
750 1991 867 2029 etiam
900 1992 991 2041 quia
1021 1999 1128 2030 tanta
1158 1992 1420 2031 adhibebatur
1448 2001 1486 2032 et

160 2068 182 2092 a
202 2054 317 2092 nobis
339 2062 377 2092 et
396 2068 419 2092 a
438 2055 682 2105 praetoribus
703 2056 905 2094 contentio
933 2064 975 2094 ut
1002 2070 1083 2094 rem
1105 2070 1221 2107 posse
1242 2058 1384 2096 confici
1405 2072 1484 2096 non

160 2119 388 2158 diffiderem.
449 2122 567 2158 Nunc
592 2121 779 2171 quoniam
806 2121 859 2159 ita
888 2121 1031 2160 accidit
1060 2130 1102 2160 ut
1130 2136 1258 2172 neque
1288 2130 1484 2174 praetores

160 2184 238 2223 suis
270 2185 412 2235 opibus
443 2200 574 2236 neque
607 2201 679 2225 nos
711 2194 845 2225 nostro
884 2187 1015 2226 studio
1050 2187 1262 2238 quicquam
1298 2190 1485 2238 proficere

104 2265 139 2295 15
159 2263 376 2300 possemuS‚
412 2258 471 2288 est
504 2251 667 2289 omnino
698 2252 855 2290 difficile
886 2266 967 2290 non
1001 2252 1165 2302 graviter
1198 2253 1239 2291 id
1271 2255 1378 2301 ferre,
1415 2255 1485 2293 sed

159 2322 292 2353 tamen
329 2323 484 2353 nostros
521 2316 675 2354 animos
714 2317 892 2355 maximis
931 2317 971 2355 in
1002 2318 1118 2356 rebus
1152 2325 1190 2356 et
1227 2318 1407 2368 gerendis
1447 2326 1485 2357 et

158 2378 397 2418 sustinendis
437 2380 666 2419 exercitatos
704 2381 827 2431 frangi
866 2389 903 2419 et
946 2381 1140 2420 debilitari
1180 2383 1360 2422 molestia
1402 2397 1483 2423 non

455 2495 474 2523 4
499 2485 644 2524 denique
660 2485 694 2516 in
709 2486 788 2516 serie
803 2486 974 2516 bimembri
987 2485 1064 2527 Rep.
1087 2486 1118 2518 ii.
1139 2497 1181 2526 49

202 2549 266 2571 erc.
287 2550 335 2570 Ar>
351 2549 464 2577 var.
487 2550 541 2571 ΡΒ.
1379 2544 1394 2574 1
