<?xml version="1.0" encoding="UTF-8"?>
<!DOCTYPE html PUBLIC "-//W3C//DTD XHTML 1.0 Transitional//EN"
    "http://www.w3.org/TR/xhtml1/DTD/xhtml1-transitional.dtd">
<html xmlns="http://www.w3.org/1999/xhtml" xml:lang="en" lang="en">
 <head>
  <title>
</title>
<meta http-equiv="Content-Type" content="text/html;charset=utf-8" />
  <meta name='ocr-system' content='tesseract 3.04.00' />
  <meta name='ocr-capabilities' content='ocr_page ocr_carea ocr_par ocr_line ocrx_word'/>
</head>
<body>
  <div class='ocr_page' id='page_1' title='image "./epistulaerecogno03ciceuoft_0174.png"; bbox 0 0 1871 2782; ppageno 0'>
   <div class='ocr_carea' id='block_1_1' title="bbox 695 157 1291 197">
    <p class='ocr_par' dir='ltr' id='par_1_1' title="bbox 695 157 1291 197">
     <span class='ocr_line' id='line_1_1' title="bbox 695 157 1291 197; baseline 0 -1"><span class='ocrx_word' id='word_1_1' title='bbox 695 160 750 196; x_wconf 83' lang='lat' dir='ltr'><em>M.</em></span> <span class='ocrx_word' id='word_1_2' title='bbox 782 159 952 196; x_wconf 91' lang='lat' dir='ltr'>TVLLI</span> <span class='ocrx_word' id='word_1_3' title='bbox 984 157 1291 197; x_wconf 88' lang='lat' dir='ltr'>CICERONIS</span> 
     </span>
    </p>
   </div>
   <div class='ocr_carea' id='block_1_2' title="bbox 328 270 1735 2403">
    <p class='ocr_par' dir='ltr' id='par_1_2' title="bbox 342 270 1711 700">
     <span class='ocr_line' id='line_1_2' title="bbox 345 270 1676 320; baseline 0 -12"><span class='ocrx_word' id='word_1_4' title='bbox 345 285 399 308; x_wconf 77' lang='lat' dir='ltr'><em>me</em></span> <span class='ocrx_word' id='word_1_5' title='bbox 421 271 537 320; x_wconf 82' lang='lat' dir='ltr'><em>fallit</em></span> <span class='ocrx_word' id='word_1_6' title='bbox 564 283 661 320; x_wconf 77' lang='lat' dir='ltr'><em>quae</em></span> <span class='ocrx_word' id='word_1_7' title='bbox 693 271 824 308; x_wconf 86' lang='lat' dir='ltr'><em>statim</em></span> <span class='ocrx_word' id='word_1_8' title='bbox 858 271 1031 319; x_wconf 79' lang='lat' dir='ltr'><em>cogitatio</em></span> <span class='ocrx_word' id='word_1_9' title='bbox 1061 270 1187 308; x_wconf 84' lang='lat' dir='ltr'><em>subire</em></span> <span class='ocrx_word' id='word_1_10' title='bbox 1207 270 1333 320; x_wconf 73' lang='lat' dir='ltr'><em>possit</em></span> <span class='ocrx_word' id='word_1_11' title='bbox 1363 271 1537 319; x_wconf 76' lang='lat' dir='ltr'><em>legentem</em></span> <span class='ocrx_word' id='word_1_12' title='bbox 1550 284 1562 307; x_wconf 95' lang='grc'><em>.·</em></span> <span class='ocrx_word' id='word_1_13' title='bbox 1590 272 1676 308; x_wconf 85' lang='lat' dir='ltr'><em>Hoc</em></span> 
     </span>
     <span class='ocr_line' id='line_1_3' title="bbox 343 335 1670 386; baseline -0.001 -13"><span class='ocrx_word' id='word_1_14' title='bbox 343 349 427 384; x_wconf 67' lang='lat' dir='ltr'><em>crgo</em></span> <span class='ocrx_word' id='word_1_15' title='bbox 438 337 632 386; x_wconf 73' lang='lat' dir='ltr'><em>praecipis</em></span> <span class='ocrx_word' id='word_1_16' title='bbox 651 341 687 373; x_wconf 86' lang='lat' dir='ltr'><em>et</em></span> <span class='ocrx_word' id='word_1_17' title='bbox 713 336 780 373; x_wconf 80' lang='lat' dir='ltr'><em>lzoc</em></span> <span class='ocrx_word' id='word_1_18' title='bbox 794 335 867 384; x_wconf 89' lang='lat' dir='ltr'><em>fas</em></span> <span class='ocrx_word' id='word_1_19' title='bbox 888 337 1039 385; x_wconf 75' lang='lat' dir='ltr'><em>putas?</em></span> <span class='ocrx_word' id='word_1_20' title='bbox 1095 336 1257 373; x_wconf 79' lang='lat' dir='ltr'><em>Poterat</em></span> <span class='ocrx_word' id='word_1_21' title='bbox 1275 347 1330 372; x_wconf 86' lang='lat' dir='ltr'><em>me</em></span> <span class='ocrx_word' id='word_1_22' title='bbox 1350 335 1511 372; x_wconf 89' lang='lat' dir='ltr'><em>liberare</em></span> <span class='ocrx_word' id='word_1_23' title='bbox 1535 335 1670 382; x_wconf 89' lang='lat' dir='ltr'><em>Cicero,</em></span> 
     </span>
     <span class='ocr_line' id='line_1_4' title="bbox 342 400 1675 451; baseline -0.001 -13"><span class='ocrx_word' id='word_1_24' title='bbox 342 402 411 449; x_wconf 77' lang='lat' dir='ltr'><em>qui</em></span> <span class='ocrx_word' id='word_1_25' title='bbox 428 402 483 438; x_wconf 88' lang='lat' dir='ltr'><em>ita</em></span> <span class='ocrx_word' id='word_1_26' title='bbox 508 401 639 438; x_wconf 84' lang='lat' dir='ltr'><em>scribit</em></span> <span class='ocrx_word' id='word_1_27' title='bbox 664 402 719 438; x_wconf 89' lang='lat' dir='ltr'><em>ad</em></span> <span class='ocrx_word' id='word_1_28' title='bbox 742 401 917 438; x_wconf 86' lang='lat' dir='ltr'><em>Brutum</em></span> <span class='ocrx_word' id='word_1_29' title='bbox 936 401 1171 451; x_wconf 67' lang='lat' dir='ltr'><em>praepositis</em></span> <span class='ocrx_word' id='word_1_30' title='bbox 1190 400 1379 450; x_wconf 76' lang='lat' dir='ltr'><em>plurimis</em></span> <span class='ocrx_word' id='word_1_31' title='bbox 1406 413 1502 449; x_wconf 80' lang='lat' dir='ltr'><em>quae</em></span> <span class='ocrx_word' id='word_1_32' title='bbox 1528 401 1675 438; x_wconf 81' lang='lat' dir='ltr'><em>lzoueste</em></span> 
     </span>
     <span class='ocr_line' id='line_1_5' title="bbox 342 463 1675 514; baseline 0 -12"><span class='ocrx_word' id='word_1_33' title='bbox 342 466 500 503; x_wconf 80' lang='lat' dir='ltr'><em>suaderi</em></span> <span class='ocrx_word' id='word_1_34' title='bbox 521 466 685 505; x_wconf 83' lang='lat' dir='ltr'><em>Caesari</em></span> <span class='ocrx_word' id='word_1_35' title='bbox 691 466 845 514; x_wconf 69' lang='lat' dir='ltr'><em>possint</em></span> <span class='ocrx_word' id='word_1_36' title='bbox 855 479 868 502; x_wconf 92' lang='lat'><em>.·</em></span> <span class='ocrx_word' id='word_1_37' title='bbox 897 464 1032 504; x_wconf 88' lang='lat' dir='ltr'>Simne</span> <span class='ocrx_word' id='word_1_38' title='bbox 1052 465 1182 503; x_wconf 89' lang='lat' dir='ltr'>bonus</span> <span class='ocrx_word' id='word_1_39' title='bbox 1202 463 1268 511; x_wconf 82' lang='lat' dir='ltr'>vir,</span> <span class='ocrx_word' id='word_1_40' title='bbox 1287 464 1318 502; x_wconf 88' lang='lat' dir='ltr'>si</span> <span class='ocrx_word' id='word_1_41' title='bbox 1339 465 1436 503; x_wconf 85' lang='lat' dir='ltr'><em>haec</em></span> <span class='ocrx_word' id='word_1_42' title='bbox 1457 466 1675 503; x_wconf 85' lang='lat' dir='ltr'>suadeam?</span> 
     </span>
     <span class='ocr_line' id='line_1_6' title="bbox 344 529 1711 580; baseline 0 -11"><span class='ocrx_word' id='word_1_43' title='bbox 344 531 536 578; x_wconf 78' lang='lat' dir='ltr'>Minime3</span> <span class='ocrx_word' id='word_1_44' title='bbox 576 530 743 569; x_wconf 87' lang='lat' dir='ltr'>suasoris</span> <span class='ocrx_word' id='word_1_45' title='bbox 775 530 881 569; x_wconf 87' lang='lat' dir='ltr'>enirn</span> <span class='ocrx_word' id='word_1_46' title='bbox 916 530 1003 568; x_wconf 88' lang='lat' dir='ltr'>finis</span> <span class='ocrx_word' id='word_1_47' title='bbox 1038 538 1096 568; x_wconf 87' lang='lat' dir='ltr'><em>est</em></span> <span class='ocrx_word' id='word_1_48' title='bbox 1127 529 1272 568; x_wconf 81' lang='lat' dir='ltr'>utilitas</span> <span class='ocrx_word' id='word_1_49' title='bbox 1303 529 1386 568; x_wconf 88' lang='lat' dir='ltr'>eius</span> <span class='ocrx_word' id='word_1_50' title='bbox 1418 529 1481 568; x_wconf 88' lang='lat' dir='ltr'><em>cui</em></span> <span class='ocrx_word' id='word_1_51' title='bbox 1508 529 1675 580; x_wconf 85' lang='lat' dir='ltr'>quisque</span> <span class='ocrx_word' id='word_1_52' title='bbox 1695 538 1711 569; x_wconf 88' lang='lat'>5</span> 
     </span>
     <span class='ocr_line' id='line_1_7' title="bbox 342 594 1676 645; baseline -0.001 -11"><span class='ocrx_word' id='word_1_53' title='bbox 342 597 491 635; x_wconf 82' lang='lat' dir='ltr'>suadet.</span> <span class='ocrx_word' id='word_1_54' title='bbox 551 598 605 634; x_wconf 82' lang='lat' dir='ltr'><em>At</em></span> <span class='ocrx_word' id='word_1_55' title='bbox 632 603 737 634; x_wconf 80' lang='lat' dir='ltr'><em>recta</em></span> <span class='ocrx_word' id='word_1_56' title='bbox 756 603 856 634; x_wconf 87' lang='lat' dir='ltr'>sunt.</span> <span class='ocrx_word' id='word_1_57' title='bbox 919 594 1019 644; x_wconf 84' lang='lat' dir='ltr'>Quis</span> <span class='ocrx_word' id='word_1_58' title='bbox 1049 597 1194 645; x_wconf 83' lang='lat' dir='ltr'>negat?</span> <span class='ocrx_word' id='word_1_59' title='bbox 1223 596 1293 633; x_wconf 88' lang='lat' dir='ltr'><em>sed</em></span> <span class='ocrx_word' id='word_1_60' title='bbox 1323 608 1403 633; x_wconf 90' lang='lat' dir='ltr'><em>non</em></span> <span class='ocrx_word' id='word_1_61' title='bbox 1434 602 1492 633; x_wconf 86' lang='lat' dir='ltr'><em>est</em></span> <span class='ocrx_word' id='word_1_62' title='bbox 1522 608 1676 645; x_wconf 78' lang='lat' dir='ltr'><strong>semper</strong></span> 
     </span>
     <span class='ocr_line' id='line_1_8' title="bbox 342 661 887 700; baseline -0.002 -1"><span class='ocrx_word' id='word_1_63' title='bbox 342 662 455 700; x_wconf 84' lang='lat' dir='ltr'>rectis</span> <span class='ocrx_word' id='word_1_64' title='bbox 477 661 516 699; x_wconf 85' lang='lat' dir='ltr'>in</span> <span class='ocrx_word' id='word_1_65' title='bbox 539 662 745 700; x_wconf 87' lang='lat' dir='ltr'>suadendo</span> <span class='ocrx_word' id='word_1_66' title='bbox 765 662 887 699; x_wconf 86' lang='lat' dir='ltr'>locus.</span> 
     </span>
    </p>

    <p class='ocr_par' dir='ltr' id='par_1_3' title="bbox 328 723 1734 1167">
     <span class='ocr_line' id='line_1_9' title="bbox 399 723 1675 776; baseline -0.002 -11"><span class='ocrx_word' id='word_1_67' title='bbox 399 740 429 776; x_wconf 89' lang='lat'><em>7.</em></span> <span class='ocrx_word' id='word_1_68' title='bbox 467 727 630 776; x_wconf 78' lang='lat' dir='ltr'><em>Quintil.</em></span> <span class='ocrx_word' id='word_1_69' title='bbox 676 727 714 764; x_wconf 87' lang='lat' dir='ltr'><em>V</em></span> <span class='ocrx_word' id='word_1_70' title='bbox 737 737 793 763; x_wconf 84' lang='lat' dir='ltr'><em>IO.</em></span> <span class='ocrx_word' id='word_1_71' title='bbox 823 737 846 776; x_wconf 85' lang='lat'>9</span> <span class='ocrx_word' id='word_1_72' title='bbox 882 727 1208 775; x_wconf 64' lang='lat' dir='ltr'><em>‘A7gumeutum&#39;</em></span> <span class='ocrx_word' id='word_1_73' title='bbox 1239 739 1383 775; x_wconf 74' lang='lat' dir='ltr'><em>quoque</em></span> <span class='ocrx_word' id='word_1_74' title='bbox 1405 726 1531 775; x_wconf 77' lang='lat' dir='ltr'><em>plura</em></span> <span class='ocrx_word' id='word_1_75' title='bbox 1562 723 1675 774; x_wconf 61' lang='lat' dir='ltr'><em>sigui-</em></span> 
     </span>
     <span class='ocr_line' id='line_1_10' title="bbox 328 790 1675 841; baseline -0.001 -12"><span class='ocrx_word' id='word_1_76' title='bbox 328 793 436 841; x_wconf 85' lang='lat' dir='ltr'><em>ficat.</em></span> <span class='ocrx_word' id='word_1_77' title='bbox 514 791 624 829; x_wconf 85' lang='lat' dir='ltr'><em>IVam</em></span> <span class='ocrx_word' id='word_1_78' title='bbox 663 794 701 828; x_wconf 83' lang='lat' dir='ltr'><em>et</em></span> <span class='ocrx_word' id='word_1_79' title='bbox 730 790 895 839; x_wconf 87' lang='lat' dir='ltr'><em>fabulae</em></span> <span class='ocrx_word' id='word_1_80' title='bbox 932 791 987 828; x_wconf 88' lang='lat' dir='ltr'><em>ad</em></span> <span class='ocrx_word' id='word_1_81' title='bbox 1023 796 1148 828; x_wconf 87' lang='lat' dir='ltr'><em>actum</em></span> <span class='ocrx_word' id='word_1_82' title='bbox 1186 804 1410 828; x_wconf 80' lang='lat' dir='ltr'><em>scaenarum</em></span> <span class='ocrx_word' id='word_1_83' title='bbox 1455 791 1675 840; x_wconf 77' lang='lat' dir='ltr'><em>compositae</em></span> 
     </span>
     <span class='ocr_line' id='line_1_11' title="bbox 344 856 1734 905; baseline -0.001 -12"><span class='ocrx_word' id='word_1_84' title='bbox 344 860 593 905; x_wconf 48' lang='lat' dir='ltr'><em>‘argumenta</em></span> <span class='ocrx_word' id='word_1_85' title='bbox 607 856 615 872; x_wconf 90' lang='lat'>&#39;</span> <span class='ocrx_word' id='word_1_86' title='bbox 646 857 836 902; x_wconf 72' lang='lat' dir='ltr'><em>dicuutur,</em></span> <span class='ocrx_word' id='word_1_87' title='bbox 873 860 911 893; x_wconf 86' lang='lat' dir='ltr'><em>et</em></span> <span class='ocrx_word' id='word_1_88' title='bbox 940 856 1159 893; x_wconf 81' lang='lat' dir='ltr'><em>orationum</em></span> <span class='ocrx_word' id='word_1_89' title='bbox 1195 856 1385 894; x_wconf 74' lang='lat' dir='ltr'><em>Ciceronis</em></span> <span class='ocrx_word' id='word_1_90' title='bbox 1415 856 1520 894; x_wconf 84' lang='lat' dir='ltr'><em>velut</em></span> <span class='ocrx_word' id='word_1_91' title='bbox 1551 856 1674 893; x_wconf 75' lang='lat' dir='ltr'><em>lliema</em></span> <span class='ocrx_word' id='word_1_92' title='bbox 1697 867 1734 888; x_wconf 90' lang='lat'><em>10</em></span> 
     </span>
     <span class='ocr_line' id='line_1_12' title="bbox 341 920 1674 970; baseline -0.002 -11"><span class='ocrx_word' id='word_1_93' title='bbox 341 928 528 970; x_wconf 64' lang='lat' dir='ltr'><em>eapoueus</em></span> <span class='ocrx_word' id='word_1_94' title='bbox 554 922 777 959; x_wconf 77' lang='lat' dir='ltr'><em>Pedianus:</em></span> <span class='ocrx_word' id='word_1_95' title='bbox 810 921 1114 970; x_wconf 79' lang='lat' dir='ltr'><em>‘Argumentum</em></span> <span class='ocrx_word' id='word_1_96' title='bbox 1128 921 1136 937; x_wconf 84' lang='lat'><strong><em>⁷</em></strong></span> <span class='ocrx_word' id='word_1_97' title='bbox 1163 921 1293 970; x_wconf 78' lang='lat' dir='ltr'><em>iuquit</em></span> <span class='ocrx_word' id='word_1_98' title='bbox 1313 921 1409 958; x_wconf 85' lang='lat' dir='ltr'><em>‘tale</em></span> <span class='ocrx_word' id='word_1_99' title='bbox 1437 920 1513 967; x_wconf 86' lang='lat' dir='ltr'><em>est,⁷</em></span> <span class='ocrx_word' id='word_1_100' title='bbox 1539 925 1576 957; x_wconf 85' lang='lat' dir='ltr'><em>et</em></span> <span class='ocrx_word' id='word_1_101' title='bbox 1598 920 1674 969; x_wconf 50' lang='lat' dir='ltr'><em>zjbse</em></span> 
     </span>
     <span class='ocr_line' id='line_1_13' title="bbox 346 984 1674 1025; baseline -0.002 -1"><span class='ocrx_word' id='word_1_102' title='bbox 346 988 473 1025; x_wconf 80' lang='lat' dir='ltr'><em>Cicero</em></span> <span class='ocrx_word' id='word_1_103' title='bbox 504 987 560 1024; x_wconf 87' lang='lat' dir='ltr'><em>ad</em></span> <span class='ocrx_word' id='word_1_104' title='bbox 585 987 761 1024; x_wconf 82' lang='lat' dir='ltr'><em>Brutum</em></span> <span class='ocrx_word' id='word_1_105' title='bbox 788 986 843 1023; x_wconf 85' lang='lat' dir='ltr'><em>ita</em></span> <span class='ocrx_word' id='word_1_106' title='bbox 873 986 1027 1023; x_wconf 76' lang='lat' dir='ltr'><em>scribit:</em></span> <span class='ocrx_word' id='word_1_107' title='bbox 1067 985 1227 1024; x_wconf 88' lang='lat' dir='ltr'>Veritus</span> <span class='ocrx_word' id='word_1_108' title='bbox 1259 986 1422 1024; x_wconf 83' lang='lat' dir='ltr'>fortasse</span> <span class='ocrx_word' id='word_1_109' title='bbox 1451 998 1502 1023; x_wconf 90' lang='lat' dir='ltr'><em>ne</em></span> <span class='ocrx_word' id='word_1_110' title='bbox 1531 998 1604 1023; x_wconf 88' lang='lat' dir='ltr'><em>nos</em></span> <span class='ocrx_word' id='word_1_111' title='bbox 1634 984 1674 1022; x_wconf 87' lang='lat' dir='ltr'>in</span> 
     </span>
     <span class='ocr_line' id='line_1_14' title="bbox 342 1049 1675 1101; baseline -0.003 -11"><span class='ocrx_word' id='word_1_112' title='bbox 342 1053 537 1090; x_wconf 84' lang='lat' dir='ltr'>Catonem</span> <span class='ocrx_word' id='word_1_113' title='bbox 560 1059 738 1089; x_wconf 84' lang='lat' dir='ltr'>nostrum</span> <span class='ocrx_word' id='word_1_114' title='bbox 760 1051 1057 1090; x_wconf 84' lang='lat' dir='ltr'>transferremus</span> <span class='ocrx_word' id='word_1_115' title='bbox 1078 1050 1175 1088; x_wconf 87' lang='lat' dir='ltr'>illim</span> <span class='ocrx_word' id='word_1_116' title='bbox 1195 1050 1356 1101; x_wconf 86' lang='lat' dir='ltr'>aliquid,</span> <span class='ocrx_word' id='word_1_117' title='bbox 1380 1049 1452 1088; x_wconf 88' lang='lat' dir='ltr'>etsi</span> <span class='ocrx_word' id='word_1_118' title='bbox 1473 1063 1675 1100; x_wconf 85' lang='lat' dir='ltr'>argumen-</span> 
     </span>
     <span class='ocr_line' id='line_1_15' title="bbox 342 1116 789 1167; baseline 0 -13"><span class='ocrx_word' id='word_1_119' title='bbox 342 1126 425 1154; x_wconf 82' lang='lat' dir='ltr'><em>tum</em></span> <span class='ocrx_word' id='word_1_120' title='bbox 448 1116 574 1155; x_wconf 86' lang='lat' dir='ltr'>simile</span> <span class='ocrx_word' id='word_1_121' title='bbox 595 1130 677 1155; x_wconf 86' lang='lat' dir='ltr'><em>non</em></span> <span class='ocrx_word' id='word_1_122' title='bbox 698 1123 789 1167; x_wconf 57' lang='lat' dir='ltr'><em>eratT</em></span> 
     </span>
    </p>

    <p class='ocr_par' dir='ltr' id='par_1_4' title="bbox 342 1181 1733 1358">
     <span class='ocr_line' id='line_1_16' title="bbox 397 1181 1733 1234; baseline -0.001 -14"><span class='ocrx_word' id='word_1_123' title='bbox 397 1185 430 1220; x_wconf 79' lang='lat'><em>8.</em></span> <span class='ocrx_word' id='word_1_124' title='bbox 468 1183 634 1232; x_wconf 80' lang='lat' dir='ltr'><em>Quintil.</em></span> <span class='ocrx_word' id='word_1_125' title='bbox 672 1183 785 1220; x_wconf 87' lang='lat' dir='ltr'><em>VIII</em></span> <span class='ocrx_word' id='word_1_126' title='bbox 796 1194 834 1234; x_wconf 72' lang='grc'><em>3.</em></span> <span class='ocrx_word' id='word_1_127' title='bbox 859 1181 885 1221; x_wconf 87' lang='lat'>6</span> <span class='ocrx_word' id='word_1_128' title='bbox 910 1184 1022 1221; x_wconf 83' lang='lat' dir='ltr'><em>Recte</em></span> <span class='ocrx_word' id='word_1_129' title='bbox 1054 1182 1181 1221; x_wconf 84' lang='lat' dir='ltr'><em>Cicero</em></span> <span class='ocrx_word' id='word_1_130' title='bbox 1207 1182 1267 1220; x_wconf 78' lang='lat' dir='ltr'><em>lu‘s</em></span> <span class='ocrx_word' id='word_1_131' title='bbox 1295 1182 1388 1232; x_wconf 57' lang='lat' dir='ltr'><em>ipsis</em></span> <span class='ocrx_word' id='word_1_132' title='bbox 1418 1183 1474 1220; x_wconf 87' lang='lat' dir='ltr'><em>ad</em></span> <span class='ocrx_word' id='word_1_133' title='bbox 1499 1183 1674 1220; x_wconf 88' lang='lat' dir='ltr'><em>Brutum</em></span> <span class='ocrx_word' id='word_1_134' title='bbox 1698 1194 1733 1225; x_wconf 84' lang='lat'><em>15</em></span> 
     </span>
     <span class='ocr_line' id='line_1_17' title="bbox 342 1246 1674 1298; baseline 0 -13"><span class='ocrx_word' id='word_1_135' title='bbox 342 1249 463 1286; x_wconf 77' lang='lat' dir='ltr'><em>verbis</em></span> <span class='ocrx_word' id='word_1_136' title='bbox 494 1249 663 1297; x_wconf 79' lang='lat' dir='ltr'><em>quadam</em></span> <span class='ocrx_word' id='word_1_137' title='bbox 690 1248 730 1285; x_wconf 86' lang='lat' dir='ltr'><em>iu</em></span> <span class='ocrx_word' id='word_1_138' title='bbox 760 1248 922 1296; x_wconf 73' lang='lat' dir='ltr'><em>epistula</em></span> <span class='ocrx_word' id='word_1_139' title='bbox 951 1249 1106 1286; x_wconf 78' lang='lat' dir='ltr'><em>scribit:</em></span> <span class='ocrx_word' id='word_1_140' title='bbox 1138 1249 1243 1286; x_wconf 87' lang='lat' dir='ltr'><em>Nam</em></span> <span class='ocrx_word' id='word_1_141' title='bbox 1271 1246 1550 1298; x_wconf 79' lang='lat' dir='ltr'>eloquentiam,</span> <span class='ocrx_word' id='word_1_142' title='bbox 1574 1260 1674 1297; x_wconf 85' lang='lat' dir='ltr'><em>quae</em></span> 
     </span>
     <span class='ocr_line' id='line_1_18' title="bbox 342 1311 1234 1358; baseline 0 -8"><span class='ocrx_word' id='word_1_143' title='bbox 342 1311 645 1350; x_wconf 75' lang='lat' dir='ltr'><em>admirationem</em></span> <span class='ocrx_word' id='word_1_144' title='bbox 666 1325 747 1350; x_wconf 87' lang='lat' dir='ltr'><em>non</em></span> <span class='ocrx_word' id='word_1_145' title='bbox 768 1312 898 1358; x_wconf 85' lang='lat' dir='ltr'>habet,</span> <span class='ocrx_word' id='word_1_146' title='bbox 921 1313 1070 1350; x_wconf 83' lang='lat' dir='ltr'>nullam</span> <span class='ocrx_word' id='word_1_147' title='bbox 1091 1311 1234 1351; x_wconf 85' lang='lat' dir='ltr'>iudico.</span> 
     </span>
    </p>

    <p class='ocr_par' dir='ltr' id='par_1_5' title="bbox 341 1376 1734 1688">
     <span class='ocr_line' id='line_1_19' title="bbox 397 1376 1679 1428; baseline 0 -14"><span class='ocrx_word' id='word_1_148' title='bbox 397 1391 431 1425; x_wconf 86' lang='lat'><em>9.</em></span> <span class='ocrx_word' id='word_1_149' title='bbox 470 1377 635 1425; x_wconf 78' lang='lat' dir='ltr'><em>Quintil.</em></span> <span class='ocrx_word' id='word_1_150' title='bbox 669 1377 781 1414; x_wconf 92' lang='lat' dir='ltr'><em>VIII</em></span> <span class='ocrx_word' id='word_1_151' title='bbox 783 1388 822 1428; x_wconf 57' lang='lat'><em>⁴5.</em></span> <span class='ocrx_word' id='word_1_152' title='bbox 835 1388 890 1428; x_wconf 69' lang='lat'><em>54</em></span> <span class='ocrx_word' id='word_1_153' title='bbox 915 1376 975 1413; x_wconf 82' lang='lat' dir='ltr'><em>Et</em></span> <span class='ocrx_word' id='word_1_154' title='bbox 999 1389 1097 1425; x_wconf 74' lang='lat' dir='ltr'><em>quae</em></span> <span class='ocrx_word' id='word_1_155' title='bbox 1123 1382 1249 1415; x_wconf 86' lang='lat' dir='ltr'><em>vetera</em></span> <span class='ocrx_word' id='word_1_156' title='bbox 1280 1389 1382 1414; x_wconf 73' lang='lat' dir='ltr'><em>nuuc</em></span> <span class='ocrx_word' id='word_1_157' title='bbox 1398 1381 1491 1414; x_wconf 83' lang='lat' dir='ltr'><em>suut</em></span> <span class='ocrx_word' id='word_1_158' title='bbox 1505 1376 1679 1425; x_wconf 80' lang='lat' dir='ltr'><em>fuerunt</em></span> 
     </span>
     <span class='ocr_line' id='line_1_20' title="bbox 341 1442 1675 1492; baseline -0.001 -13"><span class='ocrx_word' id='word_1_159' title='bbox 341 1443 430 1479; x_wconf 83' lang='lat' dir='ltr'><em>olim</em></span> <span class='ocrx_word' id='word_1_160' title='bbox 465 1454 574 1488; x_wconf 77' lang='lat' dir='ltr'><em>nova,</em></span> <span class='ocrx_word' id='word_1_161' title='bbox 615 1446 652 1479; x_wconf 86' lang='lat' dir='ltr'><em>et</em></span> <span class='ocrx_word' id='word_1_162' title='bbox 685 1443 872 1490; x_wconf 73' lang='lat' dir='ltr'><em>quaedam</em></span> <span class='ocrx_word' id='word_1_163' title='bbox 910 1446 1004 1479; x_wconf 79' lang='lat' dir='ltr'><em>suut</em></span> <span class='ocrx_word' id='word_1_164' title='bbox 1037 1443 1078 1480; x_wconf 80' lang='lat' dir='ltr'><em>iu</em></span> <span class='ocrx_word' id='word_1_165' title='bbox 1117 1455 1187 1479; x_wconf 88' lang='lat' dir='ltr'><em>usu</em></span> <span class='ocrx_word' id='word_1_166' title='bbox 1216 1449 1408 1492; x_wconf 73' lang='lat' dir='ltr'><em>perquam</em></span> <span class='ocrx_word' id='word_1_167' title='bbox 1448 1442 1675 1479; x_wconf 76' lang='lat' dir='ltr'><em>recentia.—</em></span> 
     </span>
     <span class='ocr_line' id='line_1_21' title="bbox 346 1506 1734 1551; baseline -0.001 -6"><span class='ocrx_word' id='word_1_168' title='bbox 346 1506 574 1545; x_wconf 73' lang='lat' dir='ltr'><em>‘Favorem&#39;</em></span> <span class='ocrx_word' id='word_1_169' title='bbox 608 1511 646 1543; x_wconf 91' lang='lat' dir='ltr'><em>et</em></span> <span class='ocrx_word' id='word_1_170' title='bbox 685 1507 900 1543; x_wconf 83' lang='lat' dir='ltr'><em>‘urbanum</em></span> <span class='ocrx_word' id='word_1_171' title='bbox 916 1507 924 1523; x_wconf 88' lang='lat'><em>⁷</em></span> <span class='ocrx_word' id='word_1_172' title='bbox 964 1508 1091 1545; x_wconf 87' lang='lat' dir='ltr'><em>Cicero</em></span> <span class='ocrx_word' id='word_1_173' title='bbox 1124 1520 1222 1545; x_wconf 77' lang='lat' dir='ltr'><em>nova</em></span> <span class='ocrx_word' id='word_1_174' title='bbox 1260 1508 1404 1551; x_wconf 87' lang='lat' dir='ltr'><em>credit,·</em></span> <span class='ocrx_word' id='word_1_175' title='bbox 1450 1520 1541 1544; x_wconf 77' lang='lat' dir='ltr'><em>uam</em></span> <span class='ocrx_word' id='word_1_176' title='bbox 1571 1511 1608 1544; x_wconf 86' lang='lat' dir='ltr'><em>et</em></span> <span class='ocrx_word' id='word_1_177' title='bbox 1633 1507 1674 1545; x_wconf 80' lang='lat' dir='ltr'><em>iu</em></span> <span class='ocrx_word' id='word_1_178' title='bbox 1696 1519 1734 1541; x_wconf 89' lang='lat'><em>20</em></span> 
     </span>
     <span class='ocr_line' id='line_1_22' title="bbox 342 1572 1674 1622; baseline 0 -13"><span class='ocrx_word' id='word_1_179' title='bbox 342 1573 501 1622; x_wconf 53' lang='lat' dir='ltr'><em>epistula</em></span> <span class='ocrx_word' id='word_1_180' title='bbox 526 1572 581 1608; x_wconf 87' lang='lat' dir='ltr'><em>ad</em></span> <span class='ocrx_word' id='word_1_181' title='bbox 596 1572 800 1609; x_wconf 86' lang='lat' dir='ltr'><em>Brutum:</em></span> <span class='ocrx_word' id='word_1_182' title='bbox 834 1573 949 1618; x_wconf 85' lang='lat' dir='ltr'>Eum,</span> <span class='ocrx_word' id='word_1_183' title='bbox 971 1572 1107 1620; x_wconf 81' lang='lat' dir='ltr'><em>iuquit,</em></span> <span class='ocrx_word' id='word_1_184' title='bbox 1129 1585 1305 1610; x_wconf 89' lang='lat' dir='ltr'>amorem</span> <span class='ocrx_word' id='word_1_185' title='bbox 1335 1579 1374 1610; x_wconf 86' lang='lat' dir='ltr'><em>et</em></span> <span class='ocrx_word' id='word_1_186' title='bbox 1403 1585 1505 1618; x_wconf 86' lang='lat' dir='ltr'>eum,</span> <span class='ocrx_word' id='word_1_187' title='bbox 1529 1579 1571 1609; x_wconf 84' lang='lat' dir='ltr'><em>ut</em></span> <span class='ocrx_word' id='word_1_188' title='bbox 1597 1572 1674 1610; x_wconf 85' lang='lat' dir='ltr'><em>hoc</em></span> 
     </span>
     <span class='ocr_line' id='line_1_23' title="bbox 342 1635 1674 1688; baseline -0.001 -14"><span class='ocrx_word' id='word_1_189' title='bbox 342 1637 462 1674; x_wconf 80' lang='lat' dir='ltr'>verbo</span> <span class='ocrx_word' id='word_1_190' title='bbox 479 1644 573 1682; x_wconf 82' lang='lat' dir='ltr'>utar,</span> <span class='ocrx_word' id='word_1_191' title='bbox 590 1637 764 1675; x_wconf 83' lang='lat' dir='ltr'>favorem</span> <span class='ocrx_word' id='word_1_192' title='bbox 780 1636 821 1674; x_wconf 91' lang='lat' dir='ltr'>in</span> <span class='ocrx_word' id='word_1_193' title='bbox 842 1635 1051 1675; x_wconf 88' lang='lat' dir='ltr'>consilium</span> <span class='ocrx_word' id='word_1_194' title='bbox 1064 1637 1281 1675; x_wconf 75' lang='lat' dir='ltr'><em>advocabo,</em></span> <span class='ocrx_word' id='word_1_195' title='bbox 1329 1636 1388 1686; x_wconf 82' lang='lat' dir='ltr'><em>Cf.</em></span> <span class='ocrx_word' id='word_1_196' title='bbox 1405 1638 1515 1675; x_wconf 77' lang='lat' dir='ltr'><em>Fam.</em></span> <span class='ocrx_word' id='word_1_197' title='bbox 1534 1637 1582 1674; x_wconf 88' lang='lat' dir='ltr'><em>iii</em></span> <span class='ocrx_word' id='word_1_198' title='bbox 1594 1636 1674 1688; x_wconf 56' lang='lat'>(523.</span> 
     </span>
    </p>

    <p class='ocr_par' dir='ltr' id='par_1_6' title="bbox 340 1701 1732 2080">
     <span class='ocr_line' id='line_1_24' title="bbox 400 1701 1678 1751; baseline 0 -12"><span class='ocrx_word' id='word_1_199' title='bbox 400 1716 456 1739; x_wconf 88' lang='lat'><em>10.</em></span> <span class='ocrx_word' id='word_1_200' title='bbox 508 1702 674 1751; x_wconf 78' lang='lat' dir='ltr'><em>Quintil.</em></span> <span class='ocrx_word' id='word_1_201' title='bbox 725 1703 839 1741; x_wconf 89' lang='lat' dir='ltr'><em>VIII</em></span> <span class='ocrx_word' id='word_1_202' title='bbox 870 1701 906 1741; x_wconf 87' lang='lat'><em>6.</em></span> <span class='ocrx_word' id='word_1_203' title='bbox 945 1714 998 1740; x_wconf 87' lang='lat'><em>20</em></span> <span class='ocrx_word' id='word_1_204' title='bbox 1041 1703 1223 1741; x_wconf 30' lang='lat' dir='ltr'><em>*Maxime</em></span> <span class='ocrx_word' id='word_1_205' title='bbox 1263 1703 1304 1740; x_wconf 84' lang='lat' dir='ltr'><em>iu</em></span> <span class='ocrx_word' id='word_1_206' title='bbox 1347 1704 1493 1740; x_wconf 80' lang='lat' dir='ltr'><em>orando</em></span> <span class='ocrx_word' id='word_1_207' title='bbox 1535 1703 1678 1740; x_wconf 80' lang='lat' dir='ltr'><em>valebit</em></span> 
     </span>
     <span class='ocr_line' id='line_1_25' title="bbox 343 1767 1675 1816; baseline 0 -12"><span class='ocrx_word' id='word_1_208' title='bbox 343 1780 589 1804; x_wconf 79' lang='lat' dir='ltr'><em>numerorum</em></span> <span class='ocrx_word' id='word_1_209' title='bbox 627 1768 698 1805; x_wconf 90' lang='lat' dir='ltr'><em>illa</em></span> <span class='ocrx_word' id='word_1_210' title='bbox 732 1769 887 1806; x_wconf 86' lang='lat' dir='ltr'><em>libertas</em></span> <span class='ocrx_word' id='word_1_211' title='bbox 900 1783 917 1813; x_wconf 82' lang='lat'><em>,·</em></span> <span class='ocrx_word' id='word_1_212' title='bbox 960 1781 1050 1805; x_wconf 84' lang='lat' dir='ltr'><em>uam</em></span> <span class='ocrx_word' id='word_1_213' title='bbox 1089 1773 1127 1805; x_wconf 90' lang='lat' dir='ltr'><em>et</em></span> <span class='ocrx_word' id='word_1_214' title='bbox 1160 1768 1298 1806; x_wconf 83' lang='lat' dir='ltr'><em>Livius</em></span> <span class='ocrx_word' id='word_1_215' title='bbox 1335 1774 1442 1816; x_wconf 77' lang='lat' dir='ltr'><em>saepe</em></span> <span class='ocrx_word' id='word_1_216' title='bbox 1479 1767 1531 1805; x_wconf 85' lang='lat' dir='ltr'><em>sic</em></span> <span class='ocrx_word' id='word_1_217' title='bbox 1562 1768 1675 1805; x_wconf 87' lang='lat' dir='ltr'><em>dicit:</em></span> 
     </span>
     <span class='ocr_line' id='line_1_26' title="bbox 347 1833 1732 1882; baseline -0.001 -13"><span class='ocrx_word' id='word_1_218' title='bbox 347 1834 568 1870; x_wconf 77' lang='lat' dir='ltr'><em>‘Romauus</em></span> <span class='ocrx_word' id='word_1_219' title='bbox 586 1834 737 1882; x_wconf 80' lang='lat' dir='ltr'><em>proelio</em></span> <span class='ocrx_word' id='word_1_220' title='bbox 766 1834 909 1880; x_wconf 85' lang='lat' dir='ltr'><em>victor,&#39;</em></span> <span class='ocrx_word' id='word_1_221' title='bbox 927 1846 1010 1871; x_wconf 83' lang='lat' dir='ltr'><em>cum</em></span> <span class='ocrx_word' id='word_1_222' title='bbox 1035 1835 1232 1871; x_wconf 78' lang='lat' dir='ltr'><em>Romanos</em></span> <span class='ocrx_word' id='word_1_223' title='bbox 1261 1834 1388 1871; x_wconf 83' lang='lat' dir='ltr'><em>vicisse</em></span> <span class='ocrx_word' id='word_1_224' title='bbox 1421 1833 1618 1881; x_wconf 65' lang='lat' dir='ltr'><em>siguificat,</em></span> <span class='ocrx_word' id='word_1_225' title='bbox 1641 1838 1678 1870; x_wconf 88' lang='lat' dir='ltr'><em>et</em></span> <span class='ocrx_word' id='word_1_226' title='bbox 1696 1846 1732 1877; x_wconf 82' lang='lat'><em>25</em></span> 
     </span>
     <span class='ocr_line' id='line_1_27' title="bbox 340 1897 1675 1948; baseline 0.001 -13"><span class='ocrx_word' id='word_1_227' title='bbox 340 1903 470 1935; x_wconf 77' lang='lat' dir='ltr'><em>contra</em></span> <span class='ocrx_word' id='word_1_228' title='bbox 506 1898 634 1936; x_wconf 83' lang='lat' dir='ltr'><em>Cicero</em></span> <span class='ocrx_word' id='word_1_229' title='bbox 667 1899 721 1936; x_wconf 90' lang='lat' dir='ltr'><em>ad</em></span> <span class='ocrx_word' id='word_1_230' title='bbox 747 1899 948 1936; x_wconf 82' lang='lat' dir='ltr'><em>Brutum:</em></span> <span class='ocrx_word' id='word_1_231' title='bbox 988 1899 1152 1948; x_wconf 87' lang='lat' dir='ltr'>Populo,</span> <span class='ocrx_word' id='word_1_232' title='bbox 1187 1899 1323 1947; x_wconf 78' lang='lat' dir='ltr'><em>iuquit,</em></span> <span class='ocrx_word' id='word_1_233' title='bbox 1346 1897 1607 1948; x_wconf 85' lang='lat' dir='ltr'><em>imposuimus</em></span> <span class='ocrx_word' id='word_1_234' title='bbox 1637 1906 1675 1937; x_wconf 85' lang='lat' dir='ltr'><em>et</em></span> 
     </span>
     <span class='ocr_line' id='line_1_28' title="bbox 342 1963 1676 2016; baseline 0.002 -16"><span class='ocrx_word' id='word_1_235' title='bbox 342 1970 514 2001; x_wconf 84' lang='lat' dir='ltr'>oratores</span> <span class='ocrx_word' id='word_1_236' title='bbox 544 1963 615 2001; x_wconf 89' lang='lat' dir='ltr'>visi</span> <span class='ocrx_word' id='word_1_237' title='bbox 646 1977 791 2010; x_wconf 87' lang='lat' dir='ltr'>sumus,</span> <span class='ocrx_word' id='word_1_238' title='bbox 815 1977 897 2002; x_wconf 85' lang='lat' dir='ltr'><em>cum</em></span> <span class='ocrx_word' id='word_1_239' title='bbox 917 1965 962 2001; x_wconf 88' lang='lat' dir='ltr'><em>de</em></span> <span class='ocrx_word' id='word_1_240' title='bbox 988 1977 1024 2002; x_wconf 89' lang='lat' dir='ltr'><em>se</em></span> <span class='ocrx_word' id='word_1_241' title='bbox 1054 1969 1205 2001; x_wconf 81' lang='lat' dir='ltr'><em>tantum</em></span> <span class='ocrx_word' id='word_1_242' title='bbox 1235 1965 1575 2013; x_wconf 65' lang='lat' dir='ltr'><em>loqueretur—lb.</em></span> <span class='ocrx_word' id='word_1_243' title='bbox 1596 1964 1614 2013; x_wconf 64' lang='grc' dir='ltr'>ξ</span> <span class='ocrx_word' id='word_1_244' title='bbox 1625 1976 1676 2016; x_wconf 74' lang='lat'><em>55</em></span> 
     </span>
     <span class='ocr_line' id='line_1_29' title="bbox 342 2028 1295 2080; baseline 0.001 -14"><span class='ocrx_word' id='word_1_245' title='bbox 342 2029 527 2066; x_wconf 73' lang='lat' dir='ltr'><em>Oratores</em></span> <span class='ocrx_word' id='word_1_246' title='bbox 548 2028 619 2067; x_wconf 89' lang='lat' dir='ltr'>visi</span> <span class='ocrx_word' id='word_1_247' title='bbox 640 2042 775 2067; x_wconf 89' lang='lat' dir='ltr'>sumus</span> <span class='ocrx_word' id='word_1_248' title='bbox 797 2036 835 2067; x_wconf 85' lang='lat' dir='ltr'><em>et</em></span> <span class='ocrx_word' id='word_1_249' title='bbox 855 2030 1005 2079; x_wconf 86' lang='lat' dir='ltr'>populo</span> <span class='ocrx_word' id='word_1_250' title='bbox 1024 2028 1295 2080; x_wconf 85' lang='lat' dir='ltr'>imposuimus.</span> 
     </span>
    </p>

    <p class='ocr_par' dir='ltr' id='par_1_7' title="bbox 341 2095 1735 2403">
     <span class='ocr_line' id='line_1_30' title="bbox 400 2095 1674 2147; baseline 0.002 -17"><span class='ocrx_word' id='word_1_251' title='bbox 400 2107 414 2131; x_wconf 93' lang='lat'>1</span> <span class='ocrx_word' id='word_1_252' title='bbox 429 2108 456 2131; x_wconf 90' lang='lat'><em>1.</em></span> <span class='ocrx_word' id='word_1_253' title='bbox 506 2095 641 2143; x_wconf 73' lang='lat' dir='ltr'><em>Quint.</em></span> <span class='ocrx_word' id='word_1_254' title='bbox 682 2096 752 2133; x_wconf 92' lang='lat' dir='ltr'><em>IX</em></span> <span class='ocrx_word' id='word_1_255' title='bbox 776 2107 816 2147; x_wconf 76' lang='lat'><em>3.</em></span> <span class='ocrx_word' id='word_1_256' title='bbox 854 2107 906 2144; x_wconf 78' lang='lat'><em>4]</em></span> <span class='ocrx_word' id='word_1_257' title='bbox 938 2097 1059 2133; x_wconf 83' lang='lat' dir='ltr'><em>Hauc</em></span> <span class='ocrx_word' id='word_1_258' title='bbox 1080 2095 1381 2144; x_wconf 73' lang='lat' dir='ltr'><em>frequentiorem</em></span> <span class='ocrx_word' id='word_1_259' title='bbox 1420 2096 1674 2144; x_wconf 55' lang='lat' dir='ltr'><em>repetitionem</em></span> 
     </span>
     <span class='ocr_line' id='line_1_31' title="bbox 341 2160 1735 2209; baseline 0.003 -14"><span class='ocrx_word' id='word_1_260' title='bbox 341 2160 486 2208; x_wconf 84' lang='grc' dir='ltr'>πλοκήν</span> <span class='ocrx_word' id='word_1_261' title='bbox 513 2164 657 2206; x_wconf 79' lang='lat' dir='ltr'><em>vocant,</em></span> <span class='ocrx_word' id='word_1_262' title='bbox 680 2173 777 2208; x_wconf 79' lang='lat' dir='ltr'><em>quae</em></span> <span class='ocrx_word' id='word_1_263' title='bbox 787 2161 846 2208; x_wconf 85' lang='lat' dir='ltr'><em>fit</em></span> <span class='ocrx_word' id='word_1_264' title='bbox 871 2173 919 2197; x_wconf 75' lang='lat' dir='ltr'><em>ex</em></span> <span class='ocrx_word' id='word_1_265' title='bbox 938 2160 1148 2209; x_wconf 66' lang='lat' dir='ltr'><em>permixtis</em></span> <span class='ocrx_word' id='word_1_266' title='bbox 1164 2160 1322 2208; x_wconf 66' lang='lat' dir='ltr'><em>figuris,</em></span> <span class='ocrx_word' id='word_1_267' title='bbox 1355 2164 1400 2197; x_wconf 82' lang='lat' dir='ltr'><em>ut</em></span> <span class='ocrx_word' id='word_1_268' title='bbox 1426 2166 1546 2209; x_wconf 72' lang='lat' dir='ltr'><em>supra</em></span> <span class='ocrx_word' id='word_1_269' title='bbox 1575 2160 1670 2206; x_wconf 80' lang='lat' dir='ltr'><em>dixi,</em></span> <span class='ocrx_word' id='word_1_270' title='bbox 1696 2170 1735 2200; x_wconf 78' lang='lat'><em>30</em></span> 
     </span>
     <span class='ocr_line' id='line_1_32' title="bbox 342 2224 1673 2274; baseline 0.002 -15"><span class='ocrx_word' id='word_1_271' title='bbox 342 2228 453 2271; x_wconf 74' lang='lat' dir='ltr'><em>utque</em></span> <span class='ocrx_word' id='word_1_272' title='bbox 481 2237 517 2261; x_wconf 90' lang='lat' dir='ltr'><em>se</em></span> <span class='ocrx_word' id='word_1_273' title='bbox 546 2224 659 2261; x_wconf 82' lang='lat' dir='ltr'><em>lzabet</em></span> <span class='ocrx_word' id='word_1_274' title='bbox 684 2225 846 2273; x_wconf 73' lang='lat' dir='ltr'><em>epistula</em></span> <span class='ocrx_word' id='word_1_275' title='bbox 881 2226 937 2262; x_wconf 90' lang='lat' dir='ltr'><em>ad</em></span> <span class='ocrx_word' id='word_1_276' title='bbox 959 2226 1162 2262; x_wconf 83' lang='lat' dir='ltr'><em>Brutum:</em></span> <span class='ocrx_word' id='word_1_277' title='bbox 1200 2225 1287 2274; x_wconf 82' lang='lat' dir='ltr'><em>Ego</em></span> <span class='ocrx_word' id='word_1_278' title='bbox 1318 2237 1408 2262; x_wconf 85' lang='lat' dir='ltr'><em>cum</em></span> <span class='ocrx_word' id='word_1_279' title='bbox 1440 2224 1480 2262; x_wconf 89' lang='lat' dir='ltr'>in</span> <span class='ocrx_word' id='word_1_280' title='bbox 1511 2224 1673 2274; x_wconf 79' lang='lat' dir='ltr'>gratiam</span> 
     </span>
     <span class='ocr_line' id='line_1_33' title="bbox 342 2287 1670 2340; baseline 0.002 -16"><span class='ocrx_word' id='word_1_281' title='bbox 342 2287 522 2325; x_wconf 78' lang='lat' dir='ltr'>redierim</span> <span class='ocrx_word' id='word_1_282' title='bbox 545 2301 635 2326; x_wconf 87' lang='lat' dir='ltr'><em>cum</em></span> <span class='ocrx_word' id='word_1_283' title='bbox 657 2290 731 2338; x_wconf 83' lang='lat' dir='ltr'><em>Ap.</em></span> <span class='ocrx_word' id='word_1_284' title='bbox 757 2288 928 2328; x_wconf 88' lang='lat' dir='ltr'>Claudio</span> <span class='ocrx_word' id='word_1_285' title='bbox 957 2295 996 2327; x_wconf 85' lang='lat' dir='ltr'><em>et</em></span> <span class='ocrx_word' id='word_1_286' title='bbox 1025 2287 1207 2327; x_wconf 79' lang='lat' dir='ltr'>redierim</span> <span class='ocrx_word' id='word_1_287' title='bbox 1236 2301 1305 2338; x_wconf 88' lang='lat' dir='ltr'><em>per</em></span> <span class='ocrx_word' id='word_1_288' title='bbox 1326 2289 1399 2327; x_wconf 86' lang='lat' dir='ltr'><em>Cn.</em></span> <span class='ocrx_word' id='word_1_289' title='bbox 1423 2288 1670 2340; x_wconf 89' lang='lat' dir='ltr'>Pompeium,</span> 
     </span>
     <span class='ocr_line' id='line_1_34' title="bbox 341 2354 905 2403; baseline 0.007 -15"><span class='ocrx_word' id='word_1_290' title='bbox 341 2358 377 2389; x_wconf 88' lang='lat' dir='ltr'><em>et</em></span> <span class='ocrx_word' id='word_1_291' title='bbox 395 2366 467 2402; x_wconf 75' lang='lat' dir='ltr'><em>ego</em></span> <span class='ocrx_word' id='word_1_292' title='bbox 488 2367 580 2403; x_wconf 76' lang='lat' dir='ltr'>ergo</span> <span class='ocrx_word' id='word_1_293' title='bbox 600 2367 692 2392; x_wconf 81' lang='lat' dir='ltr'><em>cum</em></span> <span class='ocrx_word' id='word_1_294' title='bbox 713 2354 905 2393; x_wconf 88' lang='lat' dir='ltr'>redierim.</span> 
     </span>
    </p>
   </div>
   <div class='ocr_carea' id='block_1_3' title="bbox 607 2447 1407 2486">
    <p class='ocr_par' dir='ltr' id='par_1_8' title="bbox 607 2447 1407 2486">
     <span class='ocr_line' id='line_1_35' title="bbox 607 2447 1407 2486; baseline 0.003 -9"><span class='ocrx_word' id='word_1_295' title='bbox 607 2456 649 2485; x_wconf 77' lang='lat'><em>33</em></span> <span class='ocrx_word' id='word_1_296' title='bbox 674 2452 707 2477; x_wconf 83' lang='lat' dir='ltr'><em>et</em></span> <span class='ocrx_word' id='word_1_297' title='bbox 727 2447 927 2486; x_wconf 60' lang='lat' dir='ltr'><em>Quintil&#39;iam&#39;</em></span> <span class='ocrx_word' id='word_1_298' title='bbox 941 2458 1006 2478; x_wconf 84' lang='lat' dir='ltr'><em>non</em></span> <span class='ocrx_word' id='word_1_299' title='bbox 1027 2448 1185 2479; x_wconf 77' lang='lat' dir='ltr'><em>Ciceronis</em></span> <span class='ocrx_word' id='word_1_300' title='bbox 1200 2448 1329 2479; x_wconf 77' lang='lat' dir='ltr'><em>videtur</em></span> <span class='ocrx_word' id='word_1_301' title='bbox 1342 2459 1407 2479; x_wconf 86' lang='lat' dir='ltr'><em>esse</em></span> 
     </span>
    </p>
   </div>
   <div class='ocr_carea' id='block_1_4' title="bbox 1839 437 1871 2782">
    <p class='ocr_par' dir='ltr' id='par_1_9' title="bbox 1839 437 1871 2782">
     <span class='ocr_line' id='line_1_36' title="bbox 1839 437 1871 2782; baseline 0 0"><span class='ocrx_word' id='word_1_302' title='bbox 1839 437 1871 2782; x_wconf 95' lang='lat' dir='ltr'><em> </em></span> 
     </span>
    </p>
   </div>
  </div>
 </body>
</html>
