1871 2782
209 423 256 451 10

216 483 255 515 29

213 1044 255 1077 30

215 1502 253 1533 31

256 144 320 184 1.i
593 145 649 182 M.
682 145 850 183 TVLLI
882 145 1190 186 CICERONIS

277 254 457 301 debetur,
470 260 668 303 praeterea
689 267 760 293 nos
782 254 844 293 isti
865 255 1071 294 hominum
1085 256 1217 307 generi
1238 256 1446 308 praecipue
1462 259 1607 298 debere

277 317 466 364 videmur,
500 325 542 356 ut
581 331 748 368 quorum
787 321 1005 370 praeceptis
1045 335 1180 360 sumus
1219 322 1361 361 eruditi
1394 325 1501 374 apud
1540 338 1608 364 eos

277 382 382 431 ipsos
404 384 512 432 quod
532 384 582 422 ab
603 383 648 422 iis
669 383 922 424 didicerimus
943 386 1108 425 velimus
1130 400 1368 436 expromere.

331 449 464 497 Atque
502 447 567 486 ille
605 447 767 498 quidem
801 449 983 500 princeps
1022 450 1154 501 ingeni
1189 459 1227 490 et
1261 451 1463 507 doctrinae
1495 455 1608 493 Plato

277 518 361 549 tum
382 511 555 562 denique
576 514 658 552 fore
678 513 812 552 beatas
834 528 893 553 res
914 515 1092 566 publicas
1120 516 1279 566 putavit,
1304 516 1335 554 si
1355 524 1422 555 aut
1444 518 1551 556 docti
1572 526 1609 557 et

277 575 473 625 sapientes
501 577 682 616 homines
710 592 774 617 eas
795 593 925 629 regere
947 580 1170 630 coepissent
1198 589 1265 619 aut
1289 580 1315 619 ii
1342 581 1409 631 qui
1434 590 1610 632 regerent

277 654 396 680 omne
422 655 537 680 suum
564 643 737 682 studium
765 643 804 682 in
834 644 1013 683 doctrina
1042 653 1080 684 et
1107 645 1298 696 sapientia
1322 648 1606 686 conlocassent.

277 707 398 745 Hanc
419 706 742 747 coniunctionem
767 709 949 748 videlicet
977 710 1180 760 potestatis
1202 722 1239 749 et
1261 711 1476 761 sapientiae
1497 712 1611 751 saluti

276 771 428 810 censuit
460 772 682 811 civitatibus
722 787 807 812 esse
844 788 972 824 posse.
1033 776 1155 824 Quod
1194 777 1357 815 fortasse
1395 776 1610 827 aliquando

275 836 478 875 universae
513 837 567 875 rei
600 838 783 887 publicae
813 846 978 887 nostrae,
1011 853 1117 878 nunc
1148 840 1309 890 quidem
1339 843 1516 891 profecto
1547 842 1610 880 isti

275 900 500 950 provinciae
521 901 695 952 contigit,
718 910 761 941 ut
782 903 813 941 is
843 903 883 941 in
905 917 950 942 ea
971 917 1166 942 summam
1192 913 1428 955 potestatem
1448 907 1610 946 haberet

275 964 339 1003 cui
360 965 399 1003 in
421 966 611 1014 doctrina,
636 967 699 1005 cui
720 967 759 1005 in
781 967 921 1007 virtute
946 975 1066 1018 atque
1087 970 1333 1009 humanitate
1357 970 1611 1021 percipienda

276 1030 487 1081 plurimum
508 1045 531 1070 a
551 1032 716 1082 pueritia
740 1033 844 1072 studi
866 1033 1001 1072 fuisset
1023 1041 1060 1073 et
1088 1035 1285 1085 temporis.
1347 1037 1438 1085 Qua
1459 1049 1499 1074 re
1519 1049 1611 1075 cura

276 1104 319 1135 ut
339 1096 402 1135 hic
422 1110 549 1136 annus
566 1097 633 1148 qui
653 1099 704 1137 ad
731 1099 905 1137 laborem
927 1106 1039 1137 tuum
1060 1101 1224 1138 accessit
1245 1100 1351 1139 idem
1372 1102 1423 1140 ad
1444 1103 1610 1139 salutem

277 1163 396 1202 Asiae
419 1173 648 1214 prorogatus
676 1179 760 1204 esse
785 1166 971 1205 videatur.
1033 1167 1235 1216 Quoniam
1265 1168 1305 1206 in
1335 1175 1373 1207 te
1403 1169 1609 1207 retinendo

278 1229 349 1268 suit
370 1229 464 1268 Asia
485 1230 633 1268 felicior
653 1244 772 1280 quam
793 1244 865 1269 nos
893 1230 932 1269 in
963 1232 1213 1279 deducendo,
1236 1234 1380 1282 perfice
1401 1240 1444 1271 ut
1464 1233 1611 1271 laetitia

276 1293 502 1344 provinciae
545 1294 784 1333 desiderium
825 1303 1003 1334 nostrum
1044 1296 1220 1334 leniatur.
1292 1297 1452 1336 Etenim
1495 1297 1527 1336 si
1569 1297 1610 1336 in

277 1360 540 1410 promerendo
570 1367 612 1398 ut
642 1360 712 1398 tibi
743 1360 840 1398 tanti
870 1362 1040 1399 honores
1070 1362 1308 1400 haberentur
1337 1362 1474 1412 quanti
1503 1363 1610 1401 haud

277 1423 359 1462 scio
375 1438 425 1462 an
446 1424 594 1463 nemini
615 1424 719 1463 fuisti
737 1425 915 1463 omnium
932 1425 1263 1476 diligentissimus,
1280 1428 1405 1465 multo
1422 1427 1611 1466 maiorem

277 1489 317 1527 in
338 1490 398 1528 his
419 1490 635 1529 honoribus
657 1491 814 1529 tuendis
834 1491 1023 1530 adhibere
1040 1491 1283 1542 diligentiam
1298 1493 1432 1531 debes.
1493 1492 1612 1542 Equi-

277 1555 370 1593 dem
400 1555 450 1593 de
480 1554 554 1593 isto
583 1568 724 1604 genere
754 1557 951 1594 honorum
981 1555 1078 1605 quid
1112 1556 1297 1595 sentirem
1328 1557 1463 1607 scripsi
1492 1559 1544 1596 ad
1573 1565 1612 1596 te

277 1627 379 1658 ante.
439 1621 602 1669 Semper
625 1633 692 1658 eos
719 1620 863 1670 putavi,
893 1620 923 1659 si
948 1623 1124 1671 vulgares
1154 1629 1295 1670 essent,
1327 1622 1423 1670 vilis,
1456 1623 1487 1661 si
1517 1630 1613 1662 tem-

278 1683 382 1734 poris
421 1697 539 1722 causa
577 1684 915 1732 constituerentur,
958 1686 1079 1734 levis;
1127 1686 1158 1725 si
1195 1701 1297 1734 vero,
1332 1687 1373 1725 id
1412 1689 1520 1738 quod
1559 1688 1612 1727 ita

278 1750 424 1786 factum
454 1756 523 1796 est,
555 1748 700 1787 meritis
730 1749 806 1788 tuis
840 1750 1112 1798 tribuerentur,
1143 1751 1415 1790 existimabam
1446 1754 1611 1791 multam

278 1812 349 1851 tibi
365 1812 404 1850 in
422 1812 481 1851 his
498 1813 712 1852 honoribus
728 1815 883 1854 tuendis
901 1829 1059 1866 operam
1075 1830 1159 1855 esse
1175 1819 1414 1866 ponendam.
1466 1819 1557 1866 Qua
1572 1832 1612 1856 re

279 1877 466 1928 quoniam
488 1877 528 1916 in
556 1878 636 1917 istis
661 1879 823 1918 urbibus
854 1894 944 1919 cum
975 1895 1131 1920 summo
1161 1881 1326 1932 imperio
1356 1890 1394 1921 et
1417 1890 1612 1933 potestate

280 1941 441 1980 versaris
476 1942 515 1980 in
545 1943 689 1992 quibus
719 1951 804 1983 tuas
836 1945 997 1984 virtutes
1031 1954 1278 1985 consecratas
1308 1954 1345 1985 et
1377 1946 1416 1985 in
1447 1949 1611 1986 deorum

283 2020 447 2045 numero
479 2009 703 2047 conlocatas
736 2009 855 2058 vides,
887 2011 926 2049 in
959 2011 1144 2049 omnibus
1176 2012 1291 2050 rebus
1325 2025 1421 2062 quas
1453 2019 1610 2059 statues,

284 2085 381 2120 quas
402 2073 599 2119 decernes,
625 2087 720 2123 quas
741 2088 842 2125 ages,
859 2075 954 2125 quid
976 2076 1092 2114 tantis
1115 2077 1322 2115 hominum
1343 2077 1609 2127 opinionibus,

285 2135 401 2174 tantis
422 2137 471 2174 de
493 2143 530 2175 te
551 2137 715 2186 iudiciis,
739 2139 855 2177 tantis
877 2140 1093 2178 honoribus
1123 2142 1269 2179 debeas
1290 2141 1490 2191 cogitabis.
1562 2142 1610 2179 Id

284 2208 415 2239 autem
455 2202 525 2240 erit
564 2203 646 2242 eius
682 2204 789 2243 modi
829 2212 871 2243 ut
905 2207 1086 2243 consulas
1121 2205 1318 2254 omnibus,
1353 2213 1394 2244 ut
1429 2207 1611 2245 medeare

329 2325 347 2344 2
373 2316 476 2347 simus
494 2317 625 2348 Erneslt'
756 2330 790 2350 11
818 2330 858 2350 ea
876 2320 964 2360 vulg.
983 2330 990 2350 ι
1016 2318 1056 2350 Εῖὶ
1076 2319 1255 2360 (=cadcm]
1274 2319 1316 2350 M
1437 2330 1475 2360 15
1499 2320 1611 2360 Atque

284 2359 441 2397 quoniam
459 2359 614 2401 Pluygers

1632 857 1670 878 10

1632 1507 1671 1528 20

1633 2157 1672 2187 30
