1871 2782
226 134 338 173 111.i
654 135 709 171 M.
742 133 911 170 TVLLI
942 132 1248 172 CICERONIS

290 245 439 284 utinam
469 244 565 282 mihi
595 243 655 282 his
684 243 824 282 diebus
856 243 895 282 in
920 242 1113 293 Arpinati,
1134 243 1243 292 quod
1271 249 1309 280 et
1335 241 1418 291 ipse
1444 241 1617 292 cupierat

290 319 327 350 et
349 324 421 360 ego
441 323 521 348 non
543 308 683 356 minus,
707 322 864 347 mecum
885 308 1019 347 fuisset
1040 311 1046 346 1
1090 309 1198 358 quod
1217 308 1268 345 ad
1290 306 1564 356 Pomponiam,
1587 305 1619 344 si

291 375 361 414 tibi
382 374 547 422 videtur,
568 373 713 412 scribas
742 373 873 421 velim,
897 387 988 411 cum
1017 373 1150 423 aliquo
1179 372 1372 411 exibimus
1399 379 1461 410 eat
1490 371 1620 409 nobis-

291 453 381 478 cum
408 452 653 489 puerumque
674 439 826 477 educat.
887 439 1090 477 Clamores
1111 436 1277 476 efficiam
1298 436 1329 474 si
1350 450 1441 474 eum
1462 449 1619 474 mecum

290 505 466 543 habuero
486 503 634 542 otiosus
650 518 659 551 3
688 517 780 541 nam
803 505 956 541 Romae
977 502 1192 553 respirandi
1212 516 1293 540 non
1314 509 1372 540 est
1392 503 1514 539 locus.
1572 502 1621 539 Id
1642 517 1658 548 5

292 584 355 608 me
385 569 460 608 scis
488 576 604 607 antea
632 568 748 618 gratis
778 567 848 605 tibi
878 581 963 606 esse
993 567 1224 618 pollicitum,
1245 565 1342 616 quid
1371 579 1478 604 nunc
1507 572 1621 616 putas

293 642 401 673 tanta
428 633 523 671 mihi
549 634 619 671 abs
647 641 685 672 te
713 634 895 671 mercede
922 632 1153 683 proposita?

254 708 272 738 8
346 699 476 738 Venio
497 712 602 737 nunc
622 699 673 736 ad
695 705 779 736 tuas
800 698 946 736 litteras
967 711 1064 747 quas
1085 697 1262 747 pluribus
1289 696 1465 746 epistulis
1486 695 1623 745 accepi

294 766 390 803 dum
411 777 498 801 sum
519 763 558 800 in
576 762 779 812 Arpinati3
809 775 901 799 nam
927 761 1023 799 mihi
1051 775 1131 799 uno
1151 761 1216 800 die
1237 769 1313 799 tres
1334 768 1425 798 sunt
1445 760 1622 799 redditae

294 836 332 867 et
353 827 524 878 quidem,
548 835 590 865 ut
611 827 858 873 videbantur,
879 827 1021 865 eodem
1046 827 1116 864 abs
1136 834 1175 864 te
1194 827 1309 864 datae
1334 833 1521 875 tempore,
1544 838 1623 863 una
1645 840 1684 863 10

294 893 471 944 pluribus
491 891 618 930 verbis
649 891 688 929 in
710 906 787 942 qua
811 891 981 941 primum
1007 899 1088 930 erat
1118 892 1225 941 quod
1252 890 1450 941 antiquior
1479 890 1562 929 dies
1583 889 1623 927 in

295 958 371 997 tuis
405 957 540 996 fuisset
573 956 770 1007 adscripta
803 956 939 995 litteris
974 970 1093 1006 quam
1127 956 1168 994 in
1201 956 1389 996 Caesaris.
1451 957 1500 994 Id
1533 955 1625 993 facit

297 1021 451 1072 Oppius
481 1035 562 1059 non
588 1035 807 1071 numquam
837 1020 1059 1059 necessario
1088 1028 1145 1069 ut,
1164 1034 1255 1059 curn
1286 1020 1508 1059 tabellarios
1535 1033 1626 1058 con-

297 1087 463 1126 stituerit
484 1087 636 1125 mittere
657 1086 882 1136 litterasque
902 1100 925 1124 a
946 1086 1060 1124 nobis
1084 1086 1289 1136 acceperit,
1312 1085 1443 1136 aliqua
1463 1099 1504 1124 re
1524 1098 1626 1124 nova
1856 1087 1857 1103 ¹

298 1152 534 1202 impediatur
568 1159 606 1190 et
644 1151 864 1190 necessario
894 1150 1015 1189 serius
1050 1165 1169 1201 quam
1208 1151 1464 1189 constituerat
1497 1150 1626 1188 mittat
1648 1165 1686 1198 15

300 1231 429 1267 neque
464 1230 536 1255 nos
570 1216 670 1254 datis
704 1216 782 1254 iam
816 1215 991 1266 epistulis
1023 1216 1130 1255 diem
1164 1216 1398 1254 commutari
1431 1229 1625 1255 curamus.

262 1296 282 1329 9
302 1282 445 1321 Scribis
479 1284 529 1321 de
564 1282 741 1321 Caesaris
780 1295 936 1320 summo
970 1281 1009 1320 in
1043 1296 1116 1320 nos
1153 1295 1296 1320 amore.
1358 1283 1481 1320 Hunc
1515 1288 1553 1319 et
1587 1287 1628 1319 tu

300 1347 451 1386 fovebis
481 1355 519 1386 et
550 1361 621 1385 nos
652 1346 969 1397 quibuscumque
996 1347 1211 1397 poterimus
1238 1347 1354 1385 rebus
1383 1345 1625 1397 augebimus
1854 1357 1858 1430 ι

301 1414 363 1451 De
398 1412 589 1462 Pompeio
621 1419 658 1450 et
697 1411 797 1450 facio
836 1411 1041 1462 diligenter
1075 1420 1112 1450 et
1151 1411 1291 1450 faciam
1330 1412 1439 1461 quod
1477 1424 1625 1449 mones,

300 1479 422 1526 Quod
452 1477 522 1515 tibi
553 1490 640 1515 mea
669 1476 873 1526 permissio
903 1476 1118 1514 mansionis
1145 1484 1235 1515 tuae
1262 1484 1368 1526 grata
1395 1483 1466 1523 est,
1486 1475 1527 1514 id
1557 1488 1629 1525 ego
1652 1490 1690 1512 20
1862 1490 1865 1539 Ι

301 1556 458 1581 summo
490 1556 579 1580 meo
613 1543 748 1580 dolore
783 1549 821 1579 et
852 1541 1047 1579 desiderio
1079 1549 1213 1580 tamen
1244 1555 1291 1579 ex
1324 1548 1433 1591 parte
1463 1541 1628 1590 gaudeo.
1862 1541 1865 1559 ¹

303 1609 350 1646 In
374 1607 634 1658 Hippodamo
658 1614 696 1645 et
720 1620 801 1645 non
828 1606 944 1644 nullis
972 1606 1056 1644 aliis
1086 1606 1329 1645 arcessendis
1360 1605 1456 1655 quid
1484 1605 1631 1655 cogites

302 1686 383 1711 non
404 1672 598 1722 intellego.
658 1673 790 1710 Nemo
819 1671 982 1710 istorum
1013 1680 1070 1711 est
1092 1671 1187 1722 quin
1207 1672 1277 1709 abs
1298 1679 1335 1710 te
1357 1684 1500 1708 munus
1521 1670 1632 1709 fundi

303 1737 518 1776 suburbani
553 1737 672 1775 instar
706 1744 914 1786 exspectet.
975 1737 1206 1775 Trebatium
1236 1750 1329 1775 vero
1360 1749 1492 1774 meum
1525 1737 1633 1785 quod
1866 1738 1869 1771 5

304 1803 378 1841 isto
411 1801 629 1840 admisceas
664 1802 760 1839 nihil
795 1810 863 1840 est.
937 1803 1023 1851 Ego
1058 1802 1166 1840 illum
1205 1803 1256 1840 ad
1289 1802 1498 1841 Caesarem
1534 1800 1635 1848 misi,
1657 1816 1692 1847 ²5

304 1867 371 1918 qui
410 1867 505 1905 mihi
544 1866 620 1905 iam
660 1867 751 1905 satis
790 1867 905 1915 fecit3
947 1867 978 1905 si
1017 1867 1090 1918 ipsi
1130 1867 1269 1915 minus,
1306 1874 1500 1917 praestare
1539 1866 1636 1904 nihil

304 1933 433 1971 debeo
460 1940 577 1982 teque
605 1932 698 1970 item
725 1933 776 1970 ab
797 1946 845 1971 eo
865 1932 1026 1971 vindico
1047 1941 1084 1971 et
1104 1933 1237 1971 libero.
1300 1933 1420 1981 Quod
1442 1930 1578 1969 scribis
1599 1938 1637 1969 te

303 2012 326 2036 a
347 1999 514 2037 Caesare
535 1997 680 2036 cotidie
710 2000 797 2048 plus
823 1998 941 2048 diligi,
965 1998 1234 2036 immortaliter
1257 1999 1412 2048 gaudeo
1427 2012 1436 2045 ;
1468 1997 1635 2035 Balbum

306 2076 408 2109 vero,
441 2062 506 2111 qui
542 2069 599 2100 est
634 2062 744 2101 istius
775 2063 828 2102 rei
863 2077 981 2113 quem
1012 2064 1063 2101 ad
1097 2064 1263 2102 modum
1298 2062 1435 2100 scribis
1469 2061 1635 2107 adiutor,

308 2129 346 2166 in
368 2128 492 2166 oculis
514 2129 605 2166 fero.
666 2129 910 2167 Trebonium
941 2143 1073 2167 meum
1095 2142 1117 2166 a
1137 2137 1175 2167 te
1201 2127 1322 2165 amari
1350 2135 1466 2177 teque
1492 2127 1544 2164 ab
1570 2125 1636 2164 illo
1658 2142 1699 2173 30

308 2195 542 2244 pergaudeo.

356 2308 367 2326 1
395 2298 473 2328 mihi
493 2299 533 2328 M
552 2299 692 2339 Tyrrell:
717 2299 773 2330 del.
792 2298 861 2331 cdd.
1018 2309 1037 2337 4
1063 2298 1183 2328 educat
1202 2297 1322 2329 Orelli:
1346 2297 1445 2327 ducat
1464 2295 1504 2325 M
1618 2304 1637 2334 5

307 2341 434 2371 otiosus
451 2341 569 2373 Lamb.
590 2355 596 2373 :
620 2354 664 2373 —rn
683 2343 724 2373 M
858 2352 896 2380 15
922 2342 1028 2372 mittat
1046 2352 1110 2372 om.
1131 2339 1181 2370 M¹
1319 2341 1357 2370 16
1382 2349 1537 2370 curamus
1556 2339 1637 2369 Lelt-
1825 2365 1827 2367 .
1867 2357 1869 2371 ι

309 2395 414 2414 mann
431 2397 436 2415 :
462 2396 570 2415 -cmns
589 2386 630 2415 M
781 2397 821 2417 22
848 2386 1064 2425 Hippodamo
1079 2384 1201 2415 Sclzatz
1216 2396 1222 2415 ε
1253 2383 1479 2424 Hippodamis
1495 2382 1535 2412 M
1547 2383 1636 2422 vulg.
1867 2377 1869 2426 l

308 2438 349 2466 23
367 2429 446 2467 quin
465 2430 523 2459 abs
537 2429 568 2458 lx'
582 2430 667 2469 vulg.
689 2441 695 2460 τ
711 2431 768 2469 qui
786 2441 848 2461 nos
862 2429 956 2459 M'I:
973 2429 1027 2468 qui
1045 2439 1109 2458 non
1130 2428 1181 2457 M²
1199 2440 1204 2458 :
1224 2428 1279 2467 qui
1296 2438 1360 2458 non
1376 2427 1433 2458 abs
1452 2427 1640 2466 Hiscnbetg
