1871 2782
296 142 324 178 I.
344 152 375 177 V
693 140 748 177 M.
781 139 951 175 TVLLI
981 138 1288 177 CICERONIS

328 250 553 288 arbitrarere
584 248 678 287 utile
708 262 833 298 exque
863 262 903 287 re
932 246 1092 299 publica
1120 261 1216 296 esse,
1247 261 1523 299 persequerere
1552 249 1657 288 bello

330 314 605 361 Dolabellam3
645 313 677 351 si
716 313 845 351 minus
884 312 926 352 id
964 314 1179 351 commodo
1217 312 1272 351 rei
1309 312 1492 364 publicae
1530 314 1657 351 facere

328 391 462 428 posses
484 377 564 416 sive
584 392 665 416 non
693 378 931 416 existimares
962 391 1009 416 ex
1036 391 1077 416 re
1106 377 1265 428 publica
1290 391 1386 424 esse,
1408 385 1451 415 ut
1470 377 1511 415 in
1531 377 1657 416 isdem

328 442 424 480 locis
463 442 676 481 exercitum
714 442 946 482 contineres.
1020 442 1130 482 Nihil
1168 442 1491 480 honorificentius
1530 442 1658 493 potuit

328 509 455 547 facere
493 515 650 546 senatus
689 522 808 558 quam
847 516 889 547 ut
927 515 1040 546 tuum
1085 515 1187 547 esset
1225 506 1415 546 iudicium
1454 506 1550 557 quid
1588 506 1658 545 tibi
1680 521 1696 552 5

330 572 499 611 maxime
532 575 755 612 conducere
794 573 848 612 rei
885 573 1069 624 publicae
1101 573 1306 611 videretur.
1367 572 1566 623 Equidem
1604 571 1660 611 sic

330 637 467 685 sentio,
490 637 522 675 si
553 652 714 676 manum
745 638 876 685 habet,
905 638 936 676 si
964 645 1098 685 castra,
1130 637 1162 675 si
1192 637 1260 675 ubi
1289 637 1477 676 consistat
1506 636 1660 688 uspiam

332 704 550 750 Dolabella,
573 704 623 742 ad
654 704 773 741 finem
803 711 841 742 et
869 704 921 741 ad
951 702 1183 753 dignitatem
1207 709 1316 741 tuam
1345 702 1539 753 pertinere
1569 714 1660 740 eum

329 768 521 818 persequi.

286 841 311 868 2
386 835 448 872 De
469 833 581 873 Cassi
601 834 723 872 nostri
743 834 867 884 copiis
887 834 985 872 nihil
1010 833 1242 872 sciebamus,
1302 834 1446 883 Neque
1475 832 1581 871 enim
1609 831 1660 871 ab
1683 847 1721 870 ιο

329 897 415 948 ipso
450 900 551 937 ullae
580 898 730 937 litterae
760 912 890 949 neque
923 898 1178 937 nuntiabatur
1209 897 1422 948 quicquam
1452 898 1561 948 quod
1590 910 1661 948 pro

330 970 436 1001 certo
467 963 713 1002 haberemus.
794 964 956 1012 Quanto
987 977 1107 1014 opere
1137 970 1270 1002 autem
1308 961 1459 1001 intersit
1492 960 1661 1012 opprimi

331 1028 581 1066 Dolabellam
609 1029 786 1078 profecto
815 1027 1018 1078 intellegis,
1041 1041 1133 1066 curn
1160 1035 1203 1066 ut
1232 1027 1387 1066 sceleris
1411 1040 1560 1078 poenas
1579 1040 1662 1078 per-

331 1094 456 1132 solvat
483 1100 567 1131 tum
587 1107 638 1132 ne
658 1093 706 1131 sit
727 1107 807 1143 quo
832 1107 873 1132 se
899 1095 1096 1131 latronum
1121 1094 1243 1131 duces
1264 1107 1310 1131 ex
1331 1091 1552 1130 Mutinensi
1572 1093 1663 1142 fuga

330 1159 545 1197 conferant.
618 1160 751 1208 Atque
782 1160 858 1197 hoc
890 1158 986 1196 mihi
1018 1158 1095 1197 iam
1127 1166 1218 1197 ante
1251 1157 1445 1209 placuisse
1474 1165 1586 1209 potes
1616 1171 1662 1196 ex
1684 1172 1719 1203 15

331 1223 596 1273 superioribus
617 1223 713 1261 meis
729 1223 864 1262 litteris
880 1223 1074 1262 recordari
1089 1238 1100 1272 3
1128 1237 1371 1274 quamquam
1386 1230 1471 1261 tum
1491 1230 1529 1261 et
1549 1223 1662 1273 fugae

331 1296 465 1340 portus
480 1295 560 1327 erat
580 1287 620 1326 in
634 1288 709 1326 tuis
726 1288 860 1326 castris
880 1296 919 1327 et
935 1288 1157 1327 subsidium
1177 1288 1311 1327 salutis
1328 1287 1368 1325 in
1388 1295 1457 1326 tuo
1477 1287 1659 1326 exercitu.

332 1356 426 1403 Quo
457 1353 580 1404 magis
610 1367 716 1392 nunc
746 1354 908 1402 liberati,
937 1361 980 1394 ut
1009 1368 1135 1405 sperO,
1164 1354 1346 1405 periculis
1377 1353 1419 1391 in
1454 1354 1662 1392 Dolabella

332 1418 593 1469 opprimendo
628 1418 809 1469 occupati
841 1432 926 1457 esse
957 1420 1161 1458 debemus.
1228 1420 1307 1457 Sed
1340 1419 1439 1457 haec
1472 1418 1662 1468 cogitabis

333 1483 567 1534 diligentius,
591 1491 737 1523 statues
757 1484 954 1534 sapienter
966 1499 977 1533 3
1007 1484 1125 1523 facies
1146 1497 1218 1522 nos
1239 1483 1337 1535 quid
1356 1483 1604 1523 constitueris
1625 1491 1663 1523 et
1686 1500 1723 1522 20

333 1549 429 1598 quid
450 1562 551 1598 agas,
575 1548 605 1586 si
626 1548 697 1587 tibi
717 1548 924 1597 videbitur,
947 1549 1140 1588 certiores.

289 1616 315 1655 3
388 1613 622 1653 Ciceronem
650 1622 828 1652 nostrum
853 1614 893 1652 in
913 1622 1085 1653 vestrum
1105 1614 1330 1666 conlegium
1354 1615 1530 1666 cooptari
1559 1616 1660 1654 volo.

335 1676 527 1716 Existimo
551 1678 715 1717 omnino
744 1678 967 1717 absentium
997 1679 1189 1719 rationem
1219 1681 1469 1719 sacerdotum
1493 1679 1662 1718 comitiis

333 1756 448 1793 posse
483 1743 616 1782 haberi
632 1758 642 1792 3
671 1758 763 1782 nam
794 1744 912 1783 etiam
944 1746 1091 1783 factum
1125 1752 1183 1784 est
1216 1753 1342 1784 antea.
1403 1744 1524 1784 Gaius
1556 1745 1661 1784 enim
1859 1745 1864 1842 1

334 1808 495 1856 Marius,
518 1822 609 1847 cum
638 1810 679 1848 in
710 1809 965 1860 Cappadocia
995 1818 1106 1857 esset,
1130 1812 1215 1860 lege
1244 1810 1421 1849 Domitia
1449 1812 1574 1849 factus
1604 1817 1662 1848 est
1683 1825 1721 1856 25

331 1887 454 1923 augur
473 1887 547 1912 nec
567 1887 647 1924 quo
668 1873 797 1912 minus
818 1874 859 1913 id
879 1882 1018 1926 postea
1041 1875 1174 1914 liceret
1203 1877 1282 1914 ulla
1310 1877 1372 1913 lex
1395 1875 1531 1914 sanxit.
1592 1877 1662 1913 Est

332 1938 450 1977 etiam
471 1938 510 1976 in
531 1940 615 1989 lege
637 1939 747 1987 Iulia,
771 1953 872 1990 quae
892 1941 954 1978 lex
980 1947 1038 1979 est
1068 1942 1118 1979 de
1145 1940 1372 1979 sacerdotiis
1393 1940 1578 1991 proxima,
1601 1940 1662 1978 his

332 2003 482 2042 verbis:
515 2005 621 2052 ‘QVI
655 2016 784 2042 PETET
813 2017 984 2043 CVIVSVE
1023 2018 1150 2044 RAT1o
1183 2005 1446 2044 HABEBITVR.'
1515 2007 1662 2056 Aperte

333 2068 480 2107 indicat
500 2082 616 2119 posse
642 2070 834 2108 rationem
862 2070 997 2109 haberi
1026 2071 1145 2110 etiam
1175 2085 1257 2110 non
1285 2070 1511 2122 praesentis.
1571 2072 1661 2109 Hac

377 2183 396 2211 5
422 2173 477 2203 tibi
507 2176 581 2204 (mle
606 2174 749 2205 maxime
781 2174 902 2205 Gm'litt
927 2186 967 2205 cx
993 2174 1068 2206 A2':
1101 2175 1162 2205 sibi
1183 2175 1326 2205 maxime
1353 2174 1462 2205 Crem:
1499 2173 1560 2204 tibi
1588 2178 1663 2204 ante

332 2216 504 2247 videretur
522 2217 563 2247 M
577 2218 661 2258 vulg.
791 2229 828 2257 19
853 2219 915 2249 hoc
937 2218 1125 2258 lVesenberg
1233 2228 1273 2257 25
1299 2219 1331 2248 in
1349 2217 1427 2249 add.
1448 2221 1518 2249 velt.
1618 2220 1660 2248 28

335 2270 546 2292 lmssfimrvn.
596 2262 726 2301 Aperte
751 2262 874 2292 indicat
897 2273 998 2301 posse
1023 2262 1187 2292 rationem
1211 2262 1327 2292 haberi
1350 2262 1449 2291 etiam
1474 2271 1541 2291 non
1564 2271 1660 2300 prae-
1854 2260 1857 2277 ¹

333 2304 439 2334 sentis
471 2305 582 2334 Μὶἡῖ2
610 2306 695 2336 Crat.
723 2306 819 2345 (fort.
840 2322 864 2331 =
883 2305 966 2341 le:
1007 2315 1210 2336 HA131-:31TVR
1245 2310 1361 2344 aperte
1398 2305 1523 2335 indicat
1559 2314 1659 2343 posse

333 2348 497 2377 rationem
537 2349 653 2379 haberi
687 2360 754 2379 non
788 2350 936 2388 petentis
966 2348 1043 2380 Ml:
1084 2358 1287 2379 HABEBITVR
1324 2353 1442 2387 aperte
1478 2348 1659 2378 indicatum

333 2400 431 2428 posse
458 2392 620 2422 rationem
646 2392 761 2423 haberi
785 2392 885 2423 etiam
907 2403 974 2423 non
993 2393 1139 2432 petentis
1166 2392 1204 2423 O.
1222 2392 1261 2423 E.
1279 2390 1427 2422 Schmidt
1452 2392 1661 2433 (plerumque

332 2444 369 2462 ex
386 2435 641 2476 Gttelserbylano)
