1871 2782
617 180 728 218 EPP.
761 180 838 217 AD
870 180 1107 217 BRVTVM
1478 181 1588 218 LXV

193 297 364 328 erexerat
393 289 497 329 enim
525 303 565 328 se
593 289 727 328 civitas
754 290 793 328 in
821 290 1025 329 retinenda
1051 290 1228 329 libertate
1255 290 1515 337 consentiens,

193 368 265 392 nos
287 363 369 393 tum
391 355 506 393 nimis
526 368 643 402 acre5‚
666 368 736 393 vos
757 356 918 394 fortasse
938 355 1151 405 sapientius
1179 355 1396 394 excessistis
1423 356 1518 394 urbe
1537 361 1561 400 5

193 432 239 457 ea
265 433 382 469 quam
413 419 636 466 liberaratis,
660 419 796 458 Italiae
824 433 893 457 sua
912 419 1024 458 vobis
1045 420 1173 457 studia
1192 420 1389 470 profitenti
1410 421 1520 458 remi-

194 483 306 521 sistis.
359 485 497 534 Itaque
518 497 607 522 cum
630 483 751 522 teneri
772 484 908 522 urbem
929 497 952 521 a
972 484 1172 534 parricidis
1195 484 1367 523 viderem
1389 499 1462 523 nec
1483 492 1520 524 te

156 561 173 592 5
196 548 233 585 in
255 562 301 586 ea
321 562 393 586 nec
415 549 595 588 Cassium
617 556 701 587 tuto
722 562 806 587 esse
827 562 942 599 posse
963 562 1130 599 eamque
1153 549 1269 587 armis
1293 563 1520 600 oppressam

193 613 244 650 ab
282 612 469 660 Antonio,
507 613 602 651 mihi
636 627 795 663 quoque
834 613 907 663 ipsi
941 627 1025 652 esse
1059 615 1330 653 excedendum
1365 615 1521 665 putavi3

195 684 360 715 taetrum
382 678 487 716 enim
509 679 777 728 spectaculum
798 691 984 728 oppressa
1007 679 1058 716 ab
1082 678 1211 728 impiis
1237 678 1371 717 civitas
1399 679 1523 730 opitu-

194 741 300 780 landi
339 749 532 792 potestate
566 742 749 793 praecisa.
810 744 888 781 Sed
926 742 1079 781 animus
1118 742 1223 781 idem
1263 743 1329 793 qui
1368 757 1522 794 semper

195 806 335 845 infixus
362 807 401 845 in
428 808 574 858 patriae
601 808 759 847 caritate
786 808 1002 847 discessum
1029 809 1079 847 ab
1107 808 1189 847 eius
1216 809 1397 859 periculis
1424 811 1520 848 ferre

139 885 176 907 10
195 885 275 910 non
296 872 433 922 potuit.
494 875 633 923 Itaque
658 873 697 911 in
719 873 850 912 medio
871 873 1046 912 Achaico
1067 886 1181 912 cursu
1202 887 1292 912 cum
1313 874 1520 912 etesiarum

195 936 335 975 diebus
368 939 512 976 Auster
545 951 608 976 me
642 938 682 976 in
718 938 871 976 Italiam
905 938 1015 988 quasi
1047 938 1244 977 dissuasor
1277 938 1354 977 mei
1383 938 1522 977 consili

195 1001 414 1050 rettulisset,
449 1010 487 1041 te
517 1003 597 1042 vidi
628 1003 764 1042 Veliae
795 1003 984 1053 doluique
1016 1004 1279 1042 vehementer.
1340 1004 1521 1043 Cedebas

196 1067 312 1114 enim,
343 1070 472 1114 Brute,
500 1069 679 1116 cedebas,
710 1069 897 1119 quoniam
922 1068 1043 1107 Stoici
1069 1068 1190 1107 nostri
1218 1076 1362 1118 negant
1391 1070 1522 1118 fugere

197 1133 393 1183 sapientis.
454 1136 625 1173 Romam
646 1142 688 1173 ut
708 1134 807 1181 veni,
832 1134 962 1172 statim
983 1147 1046 1172 me
1067 1133 1192 1172 obtuli
1214 1133 1362 1171 Antoni
1388 1134 1521 1172 sceleri
1541 1134 1568 1171 6

140 1208 176 1241 15
196 1206 315 1247 atque
342 1199 573 1238 dementiae.
635 1200 765 1248 Quem
792 1212 883 1237 cum
910 1198 949 1236 in
977 1211 1040 1236 me
1064 1197 1336 1244 incitavissem,
1361 1197 1523 1236 consilia

196 1262 293 1301 inire
327 1263 440 1313 coepi
472 1263 635 1302 Brutina
665 1264 781 1313 plane
816 1262 948 1313 (vestri
980 1262 1085 1301 enim
1116 1264 1214 1300 haec
1248 1270 1338 1300 sunt
1369 1261 1524 1312 propria

197 1326 414 1377 sanguinis)
452 1327 506 1365 rei
553 1327 735 1377 publicae
782 1326 1018 1366 liberandae.
1096 1328 1234 1376 Longa
1299 1333 1403 1374 sunt,
1423 1340 1523 1376 quae

196 1398 352 1438 restant,
389 1393 673 1442 praetereunda
685 1406 697 1439 ,·
739 1399 830 1430 sunt
869 1391 974 1430 enim
1008 1392 1058 1430 de
1093 1405 1181 1439 me,
1228 1398 1381 1429 tantum
1420 1391 1520 1437 dico,

198 1457 406 1495 Caesarem
441 1457 547 1494 hunc
580 1457 887 1503 adulescentem,
918 1469 987 1506 per
1020 1469 1138 1506 quem
1167 1457 1299 1494 adhuc
1328 1469 1463 1494 sumus
1492 1455 1524 1494 si

139 1534 180 1556 20
197 1535 331 1560 verum
352 1521 461 1560 fateri
481 1522 672 1568 volumus,
692 1521 848 1560 fluxisse
868 1535 915 1560 ex
934 1522 1042 1559 fonte
1059 1520 1310 1560 consiliorum
1333 1534 1519 1559 meorum.

199 1586 306 1624 Huic
330 1586 454 1625 habiti
480 1599 502 1624 a
529 1600 592 1624 me
618 1587 788 1625 honores
813 1586 907 1624 nulli
936 1585 1109 1636 quidem,
1133 1587 1263 1632 Brute,
1286 1585 1359 1623 nisi
1386 1584 1519 1631 debiti,
1541 1591 1565 1631 7

196 1651 292 1689 nulli
316 1651 390 1689 nisi
413 1650 631 1690 necessarii.
690 1653 744 1689 Vt
770 1651 876 1690 enim
903 1651 1073 1701 primum
1099 1650 1319 1689 libertatem
1343 1663 1523 1689 revocare

196 1715 411 1766 coepimus,
433 1729 524 1754 cum
545 1729 586 1754 se
610 1717 789 1754 nondum
814 1729 864 1754 ne
887 1715 1043 1754 Decimi
1073 1715 1235 1765 quidem
1257 1714 1366 1752 Bruti
1393 1714 1526 1753 divina

196 1780 315 1819 virtus
354 1780 407 1819 ita
445 1781 723 1819 commovisset
761 1788 804 1819 ut
838 1780 916 1819 iam
950 1780 990 1818 id
1025 1779 1122 1818 scire
1156 1792 1371 1829 possemUS,
1407 1786 1524 1829 atque

140 1858 177 1889 25
198 1859 316 1898 omne
350 1845 587 1896 praesidium
622 1853 724 1884 esset
753 1845 793 1883 in
823 1859 944 1895 puero
978 1844 1045 1894 qui
1079 1858 1102 1882 a
1135 1843 1349 1883 cervicibus
1384 1843 1523 1882 nostris

197 1903 397 1949 avertisset
426 1910 658 1957 Antonium,
687 1910 774 1960 quis
801 1911 928 1948 honos
956 1909 991 1948 ei
1019 1922 1099 1947 non
1125 1908 1197 1946 fuit
1223 1908 1525 1947 decernendus?

198 1976 451 2025 Quamquam
484 1989 556 2026 ego
586 1975 641 2013 illi
672 1983 755 2014 tum
787 1976 995 2014 verborum
1024 1974 1182 2012 laudem
1211 1972 1329 2011 tribui
1358 1985 1524 2022 eamque

197 2039 407 2088 modicam,
430 2039 584 2079 decrevi
614 2040 731 2078 etiam
756 2039 990 2090 imperium3
1019 2039 1127 2088 quod
1154 2050 1394 2088 quamquam
1420 2036 1524 2075 vide-

198 2105 312 2143 batur
338 2105 391 2143 illi
417 2105 534 2144 aetati
560 2105 831 2152 honorificum,
856 2113 987 2143 tamen
1014 2111 1095 2142 erat
1124 2102 1335 2142 exercitum
1362 2100 1523 2139 habenti

142 2186 180 2217 30
199 2169 472 2208 necessarium.
551 2170 659 2218 Quid
708 2169 812 2208 enim
860 2177 918 2208 est
965 2168 1048 2207 sine
1095 2167 1259 2218 imperio
1307 2165 1524 2205 exercitus?

246 2283 258 2304 1
287 2278 443 2304 erexerat
467 2273 555 2303 enirn
580 2274 730 2303 nondum
755 2283 791 2303 se
815 2273 930 2303 civitas
950 2271 1092 2302 Gurlitt:
1116 2271 1244 2310 Kaysrr
1256 2269 1347 2300 verba
1371 2272 1525 2299 crexerat

199 2340 207 2348 .
227 2340 234 2348 .
254 2340 261 2347 .
281 2317 498 2347 consentiens
511 2320 586 2356 post
602 2316 777 2347 remisistis
794 2316 1000 2356 transposuit.
1049 2314 1117 2345 Sed
1130 2314 1250 2344 Becker
1269 2314 1374 2343 locum
1391 2310 1527 2351 dfsendz't

200 2361 233 2391 in
254 2359 456 2400 ‘Pln'lologo'
479 2361 570 2399 1885,
586 2365 619 2400 p.
640 2369 703 2399 495
886 2368 906 2397 3
931 2359 1116 2389 liberaratis
1134 2357 1222 2397 vulg.
1239 2368 1245 2387 ε
1269 2356 1470 2386 liberarastis
1488 2353 1529 2384 M

204 2405 242 2434 18
266 2408 299 2433 et
316 2404 561 2442 praetereunda
578 2403 767 2443 [Vesenbetg
878 2402 1005 2441 24>iam
1024 2402 1056 2432 id
1073 2401 1176 2442 scire]
1194 2401 1258 2430 iam
1274 2400 1353 2439 quid
1373 2397 1524 2440 (aliquid)

202 2457 340 2486 sperare
360 2447 424 2488 (vel
438 2447 501 2477 iarn
519 2447 699 2488 respirare)
721 2446 759 2478 O.
779 2446 818 2478 E.
838 2445 989 2477 Schmidt
