1871 2782
96 884 134 906 10

408 183 519 221 EPP.
551 184 629 220 AD
660 184 927 232 QVINTVM
960 186 1234 224 FRATREM
1436 186 1546 224 III.i

210 291 330 339 Quod
361 292 504 330 multos
533 291 616 330 dies
648 290 855 342 epistulam
887 292 927 331 in
958 294 1140 333 manibus
1171 295 1291 334 habui
1322 303 1480 346 propter

155 355 507 394 commorationem
545 356 844 404 tabellariorum,
881 357 972 396 ideo
1011 361 1134 397 multa
1170 362 1349 399 conlecta
1390 369 1480 400 sunt

154 419 260 458 aliud
290 421 366 458 alio
397 429 572 470 tempore
597 422 703 460 velut
732 422 834 460 hoc:
866 424 911 461 T.
935 423 1099 462 Anicius
1130 424 1226 463 mihi
1255 439 1372 475 saepe
1402 426 1480 464 iam

153 484 249 522 dixit
274 498 357 524 sese
389 486 459 523 tibi
486 486 755 525 suburbanum
788 487 819 525 si
849 490 958 538 quod
984 488 1196 528 invenisset
1223 504 1302 529 non
1329 490 1482 530 dubita-

155 557 283 587 turum
314 563 398 588 esse
428 564 566 589 emere.
627 553 675 589 In
705 551 787 590 eius
817 566 998 592 sermone
1028 567 1100 604 ego
1131 562 1342 605 utrumque
1372 558 1480 594 soleo

153 614 344 661 admirari,
369 622 406 653 et
436 622 473 653 te
494 616 544 653 de
571 615 798 654 suburbano
821 618 994 656 emendo
1014 631 1105 656 cum
1131 620 1182 657 ad
1203 619 1312 657 illum
1334 619 1479 657 scribas

153 692 233 716 non
261 680 382 718 modo
408 681 458 718 ad
486 693 549 718 me
578 694 658 718 non
686 681 854 720 scribere
879 683 948 720 sed
974 682 1093 721 etiam
1119 683 1235 721 aliam
1260 683 1299 721 in
1327 691 1479 722 senten-

153 743 244 781 tiam
276 742 341 796 [de
369 743 612 797 suburbano]
635 745 815 794 scribere,
833 754 872 786 et
892 761 982 786 cum
1000 749 1053 786 ad
1074 747 1183 786 illum
1211 748 1357 787 scribas
1381 748 1478 786 nihil

152 816 190 846 te
215 809 407 847 recordari
428 810 502 850 †de
523 823 563 848 se
584 811 634 848 de
655 810 855 860 epistulis†
876 811 949 850 illis
970 825 1067 862 quas
1088 812 1127 850 in
1144 814 1372 851 Tusculano
1392 812 1475 851 eius

152 880 193 910 tu
226 873 322 910 mihi
356 874 571 921 ostendisti,
601 875 698 913 nihil
727 877 777 915 de
811 877 1028 927 praeceptis
1061 877 1310 927 Epicharmi:
1359 878 1477 916 Γνῶθι

151 942 226 979 πῶς
253 940 356 990 ἄλλῳ
385 940 567 991 κέχρηται,
591 947 717 979 totum
746 941 918 992 denique
943 944 1107 989 vultum,
1133 956 1367 990 sermonem,
1399 942 1477 981 ani-

151 1017 260 1041 mum
282 1003 375 1051 eius,
399 1017 517 1054 quem
541 1006 592 1043 ad
617 1007 781 1044 modum
806 1006 971 1054 conicio,
990 1007 1160 1057 †quasi†.
1220 1009 1297 1046 Sed
1318 1009 1414 1046 haec
1435 1015 1476 1046 tu
1500 1019 1513 1039 2

150 1067 303 1106 videris.
364 1071 426 1107 De
450 1070 678 1108 suburbano
701 1084 794 1109 cura
823 1079 865 1109 ut
894 1071 1015 1109 sciam
1042 1071 1139 1121 quid
1168 1072 1272 1118 velis,
1297 1079 1335 1110 et
1362 1072 1477 1110 simul

152 1146 201 1170 ne
222 1132 318 1182 quid
339 1133 402 1172 ille
427 1134 556 1172 turbet
582 1134 682 1173 vide.
744 1135 854 1184 Quid
880 1138 1111 1186 praeterea?
1150 1136 1276 1186 quid?
1333 1136 1474 1175 Etiam.

114 1213 130 1243 5
153 1197 344 1236 Gabinius
371 1212 403 1236 a.
427 1200 463 1237 d.
489 1211 552 1236 1111
575 1201 624 1237 K.
649 1200 810 1238 Octobr.
834 1207 954 1238 noctu
981 1199 1021 1237 in
1048 1200 1186 1238 urbem
1213 1200 1412 1239 introierat
1439 1208 1477 1239 et

151 1262 270 1301 hodie
290 1264 385 1301 hora
401 1275 487 1310 vm,
509 1277 601 1301 cum
619 1263 752 1302 edicto
774 1265 817 1303 C.
835 1265 912 1301 Alfi
933 1265 983 1303 de
1004 1264 1206 1303 maiestate
1227 1279 1317 1303 eum
1338 1266 1477 1304 adesse

149 1331 356 1377 oporteret,
387 1341 581 1366 concursu
615 1341 758 1378 magno
787 1335 826 1366 et
855 1328 949 1367 odio
982 1328 1152 1367 universi
1181 1329 1317 1379 populi
1351 1343 1476 1379 paene

149 1392 329 1431 adflictus
350 1399 418 1430 est.
478 1392 587 1430 Nihil
608 1392 673 1431 illo
694 1392 854 1442 turpius.
914 1393 1118 1431 Proximus
1139 1401 1271 1432 tamen
1292 1401 1349 1432 est
1371 1393 1472 1432 Piso.

151 1459 290 1507 Itaque
329 1457 536 1496 mirificum
573 1457 792 1496 embolium
830 1457 961 1508 cogito
999 1457 1039 1495 in
1073 1459 1293 1497 secundum
1331 1458 1474 1497 librum

92 1538 106 1559 2
150 1536 326 1560 meorum
356 1531 578 1572 temporum
608 1522 819 1570 includere,
842 1522 1040 1561 dicentem
1060 1522 1287 1573 Apollinem
1314 1522 1354 1561 in
1384 1537 1475 1562 con-

148 1587 238 1626 cilio
267 1589 442 1635 deorum,
472 1587 596 1638 qualis
630 1587 777 1626 reditus
807 1588 977 1625 duorum
1011 1586 1290 1637 imperatorum
1322 1589 1473 1626 futurus

148 1661 259 1700 esset,
283 1667 449 1703 quorum
470 1655 566 1692 alter
585 1653 797 1692 exercitum
818 1653 1062 1703 perdidisset,
1084 1654 1181 1692 alter
1200 1654 1451 1693 vendidisset.

202 1720 261 1756 Ex
275 1717 475 1756 Britannia
489 1719 634 1757 Caesar
644 1719 696 1757 ad
710 1731 773 1757 me
789 1720 837 1756 K.
855 1717 1071 1768 Septembr.
1088 1717 1197 1756 dedit
1214 1718 1357 1757 litteras
1374 1732 1470 1768 quas

147 1797 219 1833 ego
245 1783 380 1833 accepi
403 1796 434 1821 a.
459 1784 494 1821 d.
520 1796 583 1821 1111
610 1785 659 1821 K.
684 1783 858 1831 Octobr.,
882 1783 973 1821 satis
1000 1784 1231 1821 commodas
1252 1784 1302 1821 de
1324 1782 1471 1821 Britan-

147 1848 244 1886 nicis
264 1849 390 1896 rebus,
414 1848 566 1898 quibus,
591 1862 640 1887 ne
666 1848 836 1887 admirer
855 1849 964 1898 quod
984 1862 1007 1886 a
1027 1855 1064 1886 te
1091 1849 1217 1886 nullas
1237 1847 1467 1897 acceperim,

146 1913 276 1951 scribit
298 1927 338 1952 se
359 1913 441 1951 sine
462 1921 499 1952 te
519 1913 637 1952 fuisse
657 1927 748 1951 cum
768 1915 820 1952 ad
840 1927 945 1952 mare
965 1912 1180 1952 accesserit.
1231 1914 1295 1951 Ad
1312 1926 1375 1951 eas
1397 1926 1469 1963 ego

145 1978 180 2016 ei
201 1977 344 2016 litteras
371 1977 467 2016 nihil
488 1977 664 2028 rescripsi
684 1992 733 2016 ne
753 1977 972 2027 gratulandi
992 1977 1153 2027 quidem
1174 1991 1291 2015 causa
1311 1984 1469 2027 propter

145 2043 227 2081 eius
247 2045 407 2082 luctum.
457 2044 516 2082 Te
537 2057 605 2082 oro
626 2043 743 2081 etiam
762 2051 881 2093 atque
896 2043 1024 2091 etiam,
1044 2042 1097 2080 mi
1118 2044 1241 2090 frater,
1257 2050 1299 2080 ut
1314 2044 1453 2081 valeas.

188 2158 207 2177 2
232 2147 384 2178 conlecta
407 2147 566 2188 Madvtgt
601 2148 752 2178 coniecta
777 2147 819 2178 M
965 2149 985 2177 8
1009 2148 1051 2178 de
1075 2147 1267 2178 suburbano
1291 2157 1357 2177 om.
1393 2146 1463 2179 edd.

144 2202 165 2230 9
190 2192 356 2222 recordari
375 2191 415 2221 de
433 2191 587 2231 epistulis
603 2190 747 2222 Sclu‘itz:
771 2201 795 2221 r.
813 2191 853 2221 de
870 2191 1035 2221 sedeculis
1052 2191 1193 2231 Madvzg
1208 2202 1215 2221 z
1242 2201 1267 2221 r.
1283 2191 1324 2220 de
1341 2200 1409 2229 s.c.‚
1426 2191 1468 2221 de

145 2234 298 2274 epistulis
317 2234 437 2265 Gurlitt
596 2244 631 2264 11
658 2233 823 2274 κέχρηται.
869 2234 990 2265 Totum
1011 2233 1131 2264 Gur-litt
1294 2243 1331 2263 12
1354 2233 1466 2274 quasi]

143 2277 260 2317 ’γνώσει
274 2278 408 2309 Gurlstt:
424 2277 517 2317 quasi
530 2277 730 2308 dedidicisse
742 2276 930 2317 l'Vesenhetg
1018 2287 1056 2316 15
1069 2277 1247 2308 introierat
1264 2276 1468 2317 IVesenbetg:

144 2321 310 2352 introierit
323 2321 363 2351 M
406 2326 438 2352 et
449 2321 516 2352 secl.
533 2320 721 2362 chsenbetg
812 2331 850 2360 19
873 2320 1026 2358 ἐμβόλων
1041 2320 1110 2352 edd.
1127 2331 1192 2351 non
1210 2321 1293 2351 nulli
1348 2320 1468 2350 librum

145 2374 293 2394 meorum
325 2370 513 2404 temporum
539 2364 681 2395 Miiller:
720 2364 840 2395 librum
866 2374 1016 2394 meorum
1041 2364 1198 2395 librorum
1224 2364 1286 2394 M:
1317 2373 1467 2393 meorum

143 2407 302 2438 librorum
320 2408 412 2439 Man.
505 2418 546 2438 22
571 2407 756 2438 exereitum
773 2410 841 2438 vett.
861 2418 868 2438 ε
892 2412 959 2438 -tus
975 2407 1014 2438 M
1102 2417 1143 2446 95
1158 2408 1240 2447 sot-t.
1261 2406 1293 2437 in
1311 2407 1428 2446 quibus

187 2471 247 2492 cic.
267 2472 314 2492 AD
332 2471 445 2499 var.
467 2471 522 2494 FR.
1361 2461 1382 2491 5

1498 278 1522 316 7

1503 340 1541 370 23
