1871 2782
337 260 426 296 Hos
447 264 489 295 ut
510 256 752 294 internoscas
773 256 985 303 elaborato,
1002 269 1052 294 ne
1072 268 1141 305 spe
1162 254 1201 292 in
1221 254 1354 304 aliquo
1376 253 1521 293 maiore
1541 255 1669 306 posita

334 321 504 373 praesidi
533 335 671 371 parum
695 328 953 371 comparetur.
1013 322 1064 358 Et
1094 333 1335 370 quamquam
1364 320 1483 370 partis
1512 333 1557 358 ac
1586 321 1670 358 fun-

334 387 436 426 datis
469 386 651 425 amicitiis
682 387 824 425 fretum
853 400 899 425 ac
928 385 1124 424 munitum
1156 398 1241 424 esse
1271 392 1436 435 oportet,
1467 392 1599 423 tamen
1629 385 1669 423 in

334 453 418 503 ipsa
438 451 628 502 petitione
647 451 843 490 amicitiae
863 453 1079 502 permultae
1099 465 1145 489 ac
1165 450 1349 501 perutiles
1370 458 1669 501 comparanturg

335 531 427 556 nam
447 517 487 556 in
507 517 646 556 ceteris
668 517 857 556 molestiis
878 518 997 556 habet
1022 518 1100 555 hoc
1129 524 1262 555 tamen
1283 516 1421 567 petitio
1442 516 1668 554 commodi:
1689 527 1706 558 5

335 591 448 633 potes
464 584 642 630 honeste,
669 584 778 633 quod
808 582 848 620 in
873 590 1001 620 cetera
1025 581 1103 620 vita
1130 595 1211 620 non
1237 595 1369 631 queas,
1396 594 1670 631 quoscumque

335 647 431 686 velis
461 647 675 698 adiungere
706 649 757 686 ad
787 647 1011 694 amicitiam,
1046 647 1284 697 quibuscum
1318 646 1350 684 si
1381 646 1458 684 alio
1492 653 1670 697 tempore

335 727 437 763 agas,
460 713 630 751 absurde
650 715 778 751 facere
799 713 966 760 videare,
990 712 1029 750 in
1059 712 1250 763 petitione
1270 719 1403 750 autem
1424 711 1498 749 nisi
1517 712 1558 750 id
1578 726 1669 762 agas

276 781 316 813 26
336 786 374 817 et
394 791 484 816 cum
507 777 639 816 multis
653 785 690 816 et
712 777 927 828 diligenter,
943 779 1074 816 nullus
1095 776 1238 828 petitor
1251 790 1336 815 esse
1356 776 1522 816 videare.
1583 779 1669 827 Ego

333 850 466 881 autem
488 842 559 880 tibi
580 843 656 881 hoc
678 843 881 889 confirmo,
905 856 990 880 esse
1016 842 1230 889 neminem,
1253 841 1327 879 nisi
1351 841 1483 891 aliqua
1502 842 1669 881 necessi·
1690 856 1729 879 10

333 907 471 946 tudine
491 907 796 958 competitorum
816 907 932 945 alicui
954 915 1110 945 tuorum
1131 906 1179 945 sit
1199 906 1420 955 adiunctus,
1443 920 1466 944 a
1486 920 1566 956 quo
1586 921 1667 946 non

332 971 446 1010 facile
467 971 499 1010 si
528 971 780 1011 contenderis
811 972 1019 1022 impetrare
1044 971 1171 1023 possis
1201 979 1243 1010 ut
1273 985 1345 1010 suo
1365 971 1559 1010 beneficio
1582 985 1669 1022 pro-

335 1045 528 1076 mereatur
555 1051 596 1076 se
618 1045 659 1076 ut
679 1051 787 1076 ames
814 1044 852 1076 et
872 1037 946 1076 sibi
966 1044 1008 1075 ut
1029 1038 1187 1084 debeas,
1206 1038 1328 1075 modo
1348 1044 1390 1074 ut
1411 1036 1609 1087 intellegat
1628 1044 1668 1076 te

336 1102 467 1152 magni
486 1102 693 1141 aestimare
714 1116 760 1141 ex
779 1102 913 1141 animo
933 1116 1056 1152 agere,
1082 1102 1185 1141 bene
1209 1116 1250 1141 se
1271 1116 1427 1152 ponere,
1450 1103 1532 1140 fore
1552 1115 1599 1140 ex
1619 1116 1668 1140 eo

334 1182 416 1207 non
454 1169 614 1207 brevem
653 1175 692 1207 et
725 1168 1032 1218 suffragatoriam
1071 1169 1142 1207 sed
1180 1169 1332 1206 firmam
1366 1175 1404 1206 et
1437 1175 1667 1218 perpetuam
1689 1179 1727 1212 15

276 1243 315 1277 27
334 1232 558 1271 amicitiam.
619 1235 752 1272 Nemo
782 1233 864 1281 erit,
898 1232 995 1271 mihi
1026 1234 1152 1280 crede,
1184 1233 1225 1271 in
1254 1246 1334 1283 quo
1369 1234 1491 1271 modo
1519 1233 1669 1283 aliquid
1868 1223 1871 1354 ἰ

1868 1371 1871 1403 l

293 301 316 340 7

275 363 314 394 25

291 150 319 187 6
343 165 384 195 24
714 146 762 193 Q.
795 145 963 182 TVLLI
995 144 1301 183 CICERONIS
1864 0 1871 427 Ι

334 1298 394 1346 sit,
431 1298 498 1348 qui
529 1299 606 1336 hoc
636 1305 792 1348 tempus
822 1298 895 1336 sibi
929 1298 1106 1336 oblatum
1137 1297 1333 1336 amicitiae
1365 1305 1495 1336 tecum
1527 1298 1669 1336 consti-

335 1365 507 1402 tuendae
526 1363 818 1414 praetermittat,
838 1363 1064 1414 praesertim
1085 1376 1176 1401 cum
1198 1363 1268 1401 tibi
1289 1364 1366 1401 hoc
1386 1376 1498 1401 casus
1518 1364 1668 1402 adferat

334 1437 376 1468 ut
406 1429 431 1467 ii
461 1437 591 1468 tecum
622 1436 756 1479 petant
786 1442 954 1479 quorum
983 1428 1155 1467 amicitia
1184 1436 1250 1466 aut
1281 1429 1573 1466 contemnenda
1600 1435 1668 1466 aut

334 1493 521 1544 fugienda
541 1493 603 1542 sit,
623 1501 661 1532 et
682 1493 749 1543 qui
773 1495 849 1532 hoc
871 1495 979 1543 quod
1000 1507 1073 1544 ego
1098 1501 1135 1532 te
1156 1493 1289 1531 hortor
1315 1506 1396 1530 non
1417 1494 1539 1531 modo
1558 1494 1667 1532 adse·
1688 1507 1728 1529 20

276 1568 315 1598 28
336 1559 402 1610 qui
433 1561 503 1600 sed
538 1574 588 1598 ne
625 1559 796 1610 incipere
835 1559 997 1609 quidem
1035 1558 1197 1609 possint.
1258 1560 1362 1597 Nam
1402 1558 1469 1608 qui
1506 1558 1668 1609 incipiat

334 1625 532 1664 Antonius
566 1625 747 1664 homines
778 1625 991 1675 adiungere
1028 1632 1147 1675 atque
1177 1624 1340 1663 invitare
1373 1625 1423 1662 ad
1454 1623 1667 1662 amicitiam

333 1703 433 1740 quos
454 1704 522 1740 per
542 1704 583 1729 se
604 1704 675 1729 suo
689 1690 850 1729 nomine
865 1691 1063 1740 appellare
1079 1703 1159 1728 non
1180 1689 1333 1740 possit?
1381 1689 1483 1727 Mihi
1504 1689 1667 1739 quidem

333 1754 430 1792 nihil
451 1755 606 1793 stultius
630 1755 784 1794 videtur
810 1769 930 1806 quam
958 1755 1178 1794 existimare
1208 1768 1293 1793 esse
1325 1768 1415 1793 eum
1443 1754 1665 1793 studiosum

332 1819 387 1858 tui
409 1834 527 1870 quem
552 1834 634 1859 non
661 1820 776 1859 noris.
837 1820 1031 1858 Eximiam
1057 1822 1257 1870 quandam
1284 1820 1446 1870 gloriam
1477 1827 1514 1858 et
1544 1819 1666 1870 digni·
1686 1833 1725 1865 25

331 1893 450 1924 tatem
476 1899 522 1924 ac
548 1899 676 1924 rerum
700 1893 896 1936 gestarum
921 1885 1234 1936 magnitudinem
1262 1899 1346 1924 esse
1373 1892 1528 1935 oportet
1554 1885 1593 1923 in
1618 1899 1666 1924 eo

331 1965 449 2001 quem
471 1951 653 1990 homines
674 1951 796 2001 ignoti
817 1950 933 1989 nullis
957 1950 1258 2002 suffragantibus
1286 1951 1436 1989 honore
1455 1950 1641 1989 adficiant
1656 1966 1666 1999 3

330 2024 373 2054 ut
403 2016 565 2066 quidem
595 2018 717 2055 homo
747 2030 931 2067 nequam,
960 2016 1076 2064 iners,
1103 2016 1186 2054 sine
1213 2016 1354 2064 officio,
1381 2016 1464 2054 sine
1494 2016 1666 2066 ingenio,
1858 2041 1861 2064 ι

330 2094 421 2119 cum
460 2081 633 2129 infamia,
671 2082 788 2120 nullis
825 2081 962 2120 amicis
1000 2080 1204 2120 hominem
1237 2080 1495 2132 plurimorum
1533 2081 1665 2119 studio

376 2179 389 2198 1
417 2169 629 2199 internoscas
648 2169 825 2203 elaborato.
847 2179 889 2199 ne
906 2168 1078 2199 Bt'iclreler:
1109 2168 1197 2198 inter
1212 2179 1272 2198 nos
1300 2169 1559 2198 calumniatores
1575 2167 1664 2199 FH:

330 2213 540 2243 internoscas
557 2217 590 2242 et
607 2213 721 2243 videto
739 2223 781 2243 ne
798 2212 868 2243 dett.
990 2223 1009 2251 4
1035 2217 1274 2251 comparantur
1292 2211 1350 2241 H:
1376 2216 1488 2242 -entur
1506 2212 1538 2241 F
1643 2213 1665 2241 6

330 2261 428 2295 potes
452 2255 538 2286 FH:
564 2261 599 2287 ut
624 2257 733 2296 possis
758 2256 830 2287 dell.
858 2256 944 2295 vulg.
1082 2266 1098 2294 7
1124 2256 1190 2286 alio
1211 2255 1269 2286 H:
1295 2255 1406 2291 aliquo
1428 2255 1459 2284 F
1585 2257 1605 2285 8
1631 2256 1662 2286 id

330 2300 432 2329 facias
449 2300 605 2330 Biiclzcler
677 2310 758 2339 agas
776 2304 810 2330 ut
828 2304 860 2330 te
879 2304 1015 2330 utantur
1024 2298 1096 2330 dett.
1192 2309 1231 2329 10
1255 2299 1318 2329 nisi
1334 2299 1363 2329 si
1376 2298 1448 2329 dett.
1541 2309 1578 2328 21
1605 2299 1662 2336 qui

333 2343 470 2374 Gesncr:
495 2344 574 2382 quid
593 2343 679 2374 codd.
801 2353 841 2381 27
866 2353 964 2382 quem
983 2342 1058 2373 add.
1079 2342 1149 2372 dell.
1169 2354 1175 2372 :
1200 2343 1232 2371 1'11
1249 2343 1383 2381 quidem
1405 2342 1439 2380 (l.
1460 2344 1514 2372 28*
1534 2353 1598 2372 csse
1613 2342 1663 2371 in·

329 2387 523 2417 veniendum
541 2391 639 2417 censet
655 2387 805 2417 Bc'ilmws
923 2397 965 2426 29
989 2396 1062 2416 cum
1081 2386 1218 2416 infamia
1234 2386 1322 2427 vulg.
1341 2397 1348 2417 :
1373 2385 1496 2417 insama
1512 2385 1564 2417 F:
1588 2394 1663 2416 cum

437 2439 453 2455 ss

332 2463 465 2494 infamis
483 2463 538 2493 II:
565 2464 696 2494 infamis
714 2464 864 2494 Bc‘ilzlrns
