1871 2782
404 164 959 203 COMMENTARIOLVM
992 166 1315 204 PETITIONIS
1474 174 1497 213 7
1521 172 1559 203 28

196 281 315 323 atque
335 273 513 313 omnium
534 274 639 312 bona
659 273 944 313 existimatione
971 275 1165 313 munitum
1186 283 1416 326 praecurrat,
1439 277 1523 316 sine
1541 309 1566 347 8

136 874 176 896 10

129 1522 170 1544 20

197 352 338 388 magna
358 341 474 389 culpa
501 338 769 389 neglegentiae
800 339 881 377 fieri
906 352 986 377 non
1012 348 1150 389 potest.
1211 342 1342 390 Quam
1367 342 1420 381 ob
1440 355 1521 380 rem
1544 380 1583 412 29

196 403 325 441 omnis
345 404 538 442 centurias
561 403 691 442 multis
707 411 745 442 et
765 403 878 441 variis
898 403 1078 442 amicitiis
1099 418 1190 442 cura
1211 414 1252 443 ut
1273 407 1522 445 confirmatas

196 469 352 507 habeas.
412 471 463 507 Et
493 469 674 518 primum,
708 468 748 507 id
783 470 892 519 quod
922 477 1013 507 ante
1051 471 1187 508 oculos
1221 478 1289 518 est,
1326 479 1524 510 senatores

195 525 426 584 equitesque
447 535 661 581 Romanos,
685 541 903 572 ceterorum
932 533 1115 572 ordinum
1145 548 1265 573 navos
1286 536 1466 574 homines
1487 544 1525 574 et

193 598 383 648 gratiosos
423 600 696 649 complectere.
775 598 894 636 Multi
932 598 1113 637 homines
1154 600 1293 638 urbani
1331 600 1522 647 industrii,

195 663 307 701 multi
327 663 497 702 libertini
517 664 557 702 in
578 665 661 703 foro
681 663 839 715 gratiosi
864 663 1033 714 navique
1053 673 1264 703 versantur.
1325 667 1436 714 Quos
1457 679 1525 716 per

193 734 243 775 te,
284 742 383 778 quos
422 743 490 779 per
527 729 748 767 communis
786 728 934 767 amicos
972 729 1127 778 poteris,
1161 743 1315 767 summa
1353 743 1445 768 cura
1483 737 1524 768 ut

193 793 328 842 cupidi
345 793 401 832 tui
421 794 497 832 sint
513 794 726 842 elaborato,
741 793 929 844 appetito,
945 795 1139 844 adlegato,
1156 808 1312 833 summo
1330 794 1522 834 beneficio

193 864 233 895 te
259 858 378 896 adfici
406 860 616 898 ostendito.
677 859 833 898 Deinde
862 860 1008 897 habeto
1037 859 1228 898 rationem
1256 860 1362 899 urbis
1389 860 1522 909 totius,
1543 875 1583 906 30

193 923 448 972 collegiorum
477 923 670 972 omnium,
699 937 903 974 pagorum,
931 923 1185 963 vicinitatum.
1245 926 1304 962 Ex
1333 925 1393 963 his
1422 925 1522 975 prin-

191 986 299 1039 cipes
331 989 383 1026 ad
415 988 629 1027 amicitiam
661 996 770 1027 tuam
803 989 835 1027 si
865 989 1100 1038 adiunxeris,
1130 1003 1199 1040 per
1230 1003 1297 1029 eos
1330 990 1520 1040 reliquam

192 1052 487 1092 multitudinem
507 1054 620 1092 facile
639 1054 802 1093 tenebis.
862 1056 1005 1093 Postea
1024 1062 1147 1093 totam
1170 1055 1323 1094 Italiam
1345 1057 1405 1094 fac
1418 1064 1460 1095 ut
1480 1056 1520 1094 in

191 1118 325 1157 animo
366 1132 413 1157 ac
453 1119 644 1157 memoria
679 1119 855 1157 tributim
898 1119 1124 1169 discriptam
1168 1133 1521 1170 comprensamque

191 1184 348 1231 habeas,
364 1198 415 1222 ne
434 1184 544 1233 quod
564 1183 837 1232 municipium,
851 1183 1059 1231 coloniam,
1076 1186 1373 1233 praefecturam,
1388 1187 1520 1223 locum

189 1247 363 1298 denique
392 1248 530 1286 Italiae
560 1261 611 1286 ne
640 1261 759 1297 quem
790 1261 874 1286 esse
903 1248 1050 1298 patiare
1078 1248 1118 1286 in
1148 1262 1227 1298 quo
1259 1263 1339 1287 non
1374 1250 1519 1288 habeas

189 1312 424 1350 firmamenti
457 1312 567 1361 quod
599 1311 692 1350 satis
726 1325 812 1349 esse
841 1312 974 1362 possit,
1008 1312 1207 1362 perquiras
1239 1321 1277 1351 et
1310 1313 1518 1364 investiges
1540 1326 1576 1357 31

187 1377 369 1415 homines
389 1391 436 1414 ex
456 1376 566 1414 omni
585 1376 840 1426 regione,eos
859 1391 1088 1427 cognoscas,
1103 1385 1276 1428 appetas,
1296 1380 1518 1428 confirmes..

188 1456 298 1480 cures
318 1449 362 1480 ut
384 1441 425 1480 in
455 1441 535 1479 suis
558 1441 826 1480 vicinitatibus
855 1441 926 1479 tibi
952 1450 1088 1492 petant
1112 1450 1150 1480 et
1174 1450 1240 1480 tua
1267 1457 1383 1481 causa
1407 1444 1518 1493 quasi

188 1506 387 1545 candidati
416 1505 503 1544 sint.
562 1507 710 1544 Volent
730 1513 769 1544 te
791 1506 977 1554 amicum,
997 1506 1029 1545 si
1056 1521 1167 1545 suam
1193 1521 1216 1546 a
1239 1516 1277 1546 te
1303 1508 1516 1547 amicitiam

186 1571 315 1622 expeti
352 1570 553 1609 videbunt.
614 1571 664 1609 Id
702 1578 744 1608 ut
782 1570 1010 1621 intellegant
1044 1571 1220 1610 oratione
1251 1586 1298 1610 ea
1331 1586 1432 1622 quae
1464 1574 1515 1611 ad

186 1650 273 1675 eam
299 1635 490 1674 rationem
510 1635 679 1686 pertinet
699 1636 884 1674 habenda
904 1650 1156 1687 consequere.
1217 1637 1414 1676 Homines
1435 1652 1516 1676 rnu-

185 1700 370 1751 nicipales
390 1715 437 1739 ac
457 1700 651 1748 rusticani,
675 1700 707 1739 si
733 1701 848 1739 nobis
874 1701 1035 1740 nomine
1059 1702 1142 1740 noti
1163 1710 1263 1750 sunt,
1286 1702 1326 1740 in
1345 1702 1517 1741 amicitia

185 1780 270 1805 esse
290 1779 332 1804 se
347 1766 606 1814 arbitrantur,
634 1766 666 1804 si
682 1780 773 1804 vero
794 1766 911 1805 etiam
927 1766 1096 1816 praesidi
1117 1781 1158 1805 se
1170 1767 1319 1816 aliquid
1335 1767 1408 1805 sibi
1425 1781 1515 1805 con-

185 1831 342 1870 stituere
362 1840 515 1882 putant,
528 1845 609 1869 non
629 1831 815 1869 amittunt
834 1831 1084 1870 occasionem
1104 1831 1363 1881 promerendi.
1424 1834 1512 1870 Hos

184 1896 301 1935 ceteri
328 1904 366 1935 et
390 1897 558 1935 maxime
587 1896 642 1934 tui
670 1896 947 1946 competitores
974 1910 1024 1935 ne
1048 1904 1191 1934 norunt
1218 1897 1392 1946 quidem,
1412 1904 1454 1935 tu
1474 1905 1514 1935 et

183 1960 286 1999 nosti
311 1969 348 1999 et
377 1961 489 1999 facile
516 1974 741 2011 cognosceS,
765 1960 848 1999 sine
874 1974 953 2011 quo
973 1960 1144 1999 amicitia
1164 1974 1248 1999 esse
1268 1974 1348 1999 non
1370 1970 1508 2012 potest.

183 2027 325 2076 Neque
344 2025 385 2064 id
406 2034 538 2064 tamen
559 2025 650 2064 satis
677 2033 745 2074 est,
769 2025 922 2063 tametsi
946 2039 1131 2075 magnum
1152 2033 1220 2072 est,
1243 2027 1312 2064 sed
1336 2027 1510 2076 sequitur
1530 2042 1566 2072 32

182 2104 270 2142 spes
290 2090 465 2130 utilitatis
481 2099 599 2142 atque
614 2090 822 2138 amicitiae,
835 2105 884 2129 ne
900 2092 1171 2129 nomenclator
1190 2092 1317 2129 solum
1333 2093 1402 2130 sed
1417 2092 1510 2130 ami-

225 2205 243 2234 5
267 2196 422 2225 ordinum
451 2193 591 2225 Lauda:
632 2194 802 2224 hominum
835 2193 945 2224 codd:
984 2194 1139 2224 ordinum
1172 2195 1318 2224 omnium
1357 2194 1514 2225 Biiclzclcr

183 2249 200 2278 7
225 2239 362 2278 gratiosi
380 2238 524 2277 navique
541 2241 723 2276 suspectant
739 2237 896 2267 Bucheler
907 2241 935 2266 et
950 2237 1100 2267 Bci'luens
1214 2239 1234 2267 8
1258 2238 1398 2279 poteris]
1418 2240 1507 2277 quod

181 2283 309 2322 poteris
333 2282 453 2321 Yjvrrcll
586 2292 623 2319 14
648 2281 841 2319 discriptam
858 2280 925 2312 cdd.
947 2292 1015 2311 recc.
1037 2281 1072 2318 (fi
1096 2284 1110 2318 ξ
1130 2292 1193 2312 20:
1220 2282 1424 2320 descriptam
1443 2281 1512 2311 FH

184 2336 220 2364 17
246 2326 347 2356 etiam
365 2330 397 2355 et
415 2325 484 2356 dett.
618 2326 654 2354 18
679 2335 738 2354 eos
756 2324 844 2354 FH:
869 2335 994 2362 eosque
1011 2324 1082 2355 dett.
1101 2335 1106 2353 :
1140 2324 1347 2363 idoneosque
1363 2324 1512 2355 Eussner

181 2370 222 2400 28
246 2370 307 2399 sed
331 2370 482 2407 sequitur
505 2378 584 2407 spes
609 2366 696 2398 FH:
736 2368 762 2397 si
789 2377 854 2397 non
880 2372 1104 2406 consequatur
1128 2377 1208 2407 spes
1231 2368 1318 2408 vulg.
1466 2379 1508 2408 29

180 2413 436 2454 nomenculator
459 2411 523 2444 cod.
547 2411 748 2442 Vossianus:
777 2411 1029 2442 commendator
1045 2409 1114 2441 FH
