1871 2782
206 159 238 197 1.
257 158 365 196 xviii
739 156 849 193 EPP.
883 156 960 193 AD
990 156 1228 193 BRVTVM

318 277 440 308 tuum.
501 269 607 307 Nam
646 267 806 308 Cassius
845 274 978 307 noster
1014 267 1168 307 videtur
1205 280 1322 318 posse
1360 266 1452 307 satis
1490 274 1649 308 ornatus

317 333 459 372 venire.
510 333 589 372 Sed
610 339 649 371 et
669 334 766 371 haec
787 340 825 371 et
846 334 969 371 multa
992 332 1068 371 alia
1087 345 1219 371 coram
1247 331 1365 383 cupio
1390 332 1510 383 idque
1530 346 1651 383 quam

317 398 500 449 primum.

271 467 299 504 6
376 465 437 502 De
457 462 600 502 sororis
621 470 710 502 tuae
731 462 818 501 filiis
835 476 915 502 non
936 462 1167 513 exspectavi,
1186 465 1315 510 Brute,
1331 463 1428 502 dum
1449 462 1647 502 scriberes.

320 527 498 568 Omnino
528 527 612 578 ipsa
636 535 813 578 tempora
834 528 1000 578 (bellurn
1027 527 1132 566 enim
1160 526 1343 578 ducetur)
1363 526 1553 577 integram
1580 527 1651 565 tibi
1671 537 1688 569 5

319 606 478 632 causam
508 600 715 631 reservant.
776 593 854 631 Sed
884 605 957 642 ego
986 605 1009 630 a
1038 591 1242 642 principio,
1276 604 1368 630 cum
1397 590 1572 630 divinare
1601 592 1652 630 de

320 657 412 697 belli
439 657 695 696 diuturnitate
722 670 802 696 non
830 670 998 706 possem,
1022 656 1075 695 ita
1103 669 1262 694 causam
1292 655 1354 706 egi
1379 669 1591 706 puerorum
1612 654 1651 693 in

319 730 457 762 senatu
484 730 526 761 ut
556 730 593 761 te
619 722 784 761 arbitror
809 735 830 760 e
857 721 989 759 matris
1019 720 1154 759 litteris
1185 720 1360 770 potuisse
1390 734 1628 770 cognoscere
1642 735 1652 768 3

318 802 392 826 nec
412 801 504 826 vero
520 789 598 826 ulla
618 800 678 825 res
698 786 769 825 erit
789 799 978 836 umquam
999 785 1039 824 in
1060 799 1138 836 qua
1158 798 1232 835 ego
1252 799 1333 824 non
1353 786 1414 824 vel
1434 785 1535 824 vitae
1555 785 1652 836 peri-

318 854 408 891 culo
438 866 484 891 ea
512 851 642 891 dicam
672 865 797 902 eaque
827 851 967 890 faciam
996 864 1098 901 quae
1127 858 1166 889 te
1194 852 1292 890 velle
1321 864 1503 902 quaeque
1532 852 1583 891 ad
1612 858 1650 890 te
1673 863 1711 886 10

320 916 515 968 pertinere
541 916 768 956 arbitrabor.
828 929 869 954 V1
892 918 980 955 Kal.
1005 915 1169 956 Sextilis.

363 1022 385 1051 6
409 1021 556 1051 nondum
573 1024 647 1052 anie
663 1020 815 1051 divinare
831 1019 908 1051 add.
928 1019 1050 1050 Mz'c'ller
1218 1030 1235 1059 7
1262 1030 1330 1051 non
1348 1029 1484 1060 possem
1502 1019 1524 1050 I
1536 1020 1625 1063 vulg.
1646 1033 1653 1051 :

321 1074 455 1104 possem
475 1064 561 1097 codd.
699 1074 734 1094 11
761 1063 948 1095 arbitrabor
965 1063 1052 1095 Cral.
1071 1075 1077 1095 :
1101 1063 1245 1095 arbitrer
1261 1063 1322 1095 M:
1344 1064 1491 1096 arbitror
1506 1064 1528 1095 I
