1871 2782
595 564 654 626 o.
702 564 915 613 TVLLI
969 561 1369 612 CICERONIS

321 699 877 739 COMMENTARIOLVM
917 697 1241 735 PETITIONIS
1286 696 1649 736 CONSVLATVS

738 819 816 855 AD
857 818 912 854 M.
946 816 1221 854 FRATREM

772 957 840 989 δον.
859 956 903 989 in.
921 967 1010 988 anno
1027 958 1089 998 690
1107 956 1193 998 (64).

620 1036 821 1076 QVINTVS
847 1035 1013 1066 MARCO
1039 1034 1212 1066 FRATRI
1238 1034 1272 1066 S.
1303 1035 1342 1066 D.
1671 1043 1687 1076 5

281 1101 299 1128 1

283 1162 293 1182 I
374 1117 470 1154 ETSI
500 1114 570 1153 tibi
597 1114 731 1153 omnia
757 1120 971 1163 suppetunt
991 1126 1038 1151 ea
1064 1126 1166 1162 quae
1189 1111 1380 1162 consequi
1405 1110 1563 1161 ingenio
1582 1118 1650 1150 aut

318 1194 391 1219 usu
412 1179 592 1218 homines
615 1177 697 1231 [aut
717 1176 987 1230 intelligentia]
1009 1184 1186 1227 possunt,
1207 1185 1342 1215 tamen
1360 1189 1495 1215 amore
1515 1183 1650 1215 nostro

318 1259 399 1284 non
420 1259 506 1283 sum
533 1245 706 1282 alienum
732 1243 937 1281 arbitratus
958 1244 1008 1281 ad
1037 1250 1076 1280 te
1097 1241 1336 1292 perscribere
1360 1255 1406 1279 ea
1432 1254 1533 1291 quae
1553 1239 1650 1278 mihi

318 1309 529 1349 veniebant
549 1309 589 1346 in
618 1316 792 1347 mentem
817 1308 900 1346 dies
929 1321 975 1346 ac
1004 1314 1141 1345 noctes
1171 1308 1221 1345 de
1244 1305 1434 1356 petitione
1458 1313 1525 1344 tua
1548 1304 1650 1355 cogi-

319 1375 428 1422 tanti,
452 1388 531 1412 non
556 1382 599 1412 ut
625 1373 774 1423 aliquid
798 1386 845 1411 ex
868 1372 928 1411 his
955 1372 1047 1411 novi
1073 1371 1296 1410 addisceres
1317 1372 1387 1409 sed
1408 1378 1451 1408 ut
1479 1384 1526 1409 ea
1546 1384 1648 1420 quae
1670 1385 1709 1408 10

320 1440 359 1478 in
394 1454 433 1478 re
472 1439 648 1489 dispersa
685 1446 804 1488 atque
842 1437 994 1476 infinita
1031 1437 1256 1476 viderentur
1296 1449 1383 1474 esse
1420 1435 1572 1474 ratione
1610 1442 1649 1474 et

319 1504 595 1544 distributione
622 1504 695 1542 sub
722 1517 803 1542 uno
829 1510 991 1553 aspectu
1018 1509 1266 1552 ponerentur.

283 1585 297 1606 2
374 1569 521 1610 Civitas
570 1582 671 1619 quae
711 1568 759 1606 sit
802 1567 940 1617 cogita,
987 1567 1083 1617 quid
1125 1574 1246 1617 petas,
1289 1565 1358 1616 qui
1399 1565 1460 1604 sis.
1521 1566 1649 1615 Prope

318 1635 464 1673 cotidie
503 1633 573 1672 tibi
607 1635 684 1672 hoc
722 1634 773 1671 ad
811 1634 939 1671 forum
977 1631 1236 1671 descendenti
1274 1630 1550 1669 meditandum
1590 1637 1648 1668 est

321 1701 483 1738 ‘Novus
513 1712 611 1746 sum,
637 1699 884 1736 consulatum
914 1704 1018 1747 peto,
1048 1699 1178 1735 Roma
1207 1698 1287 1734 est.'
1669 1709 1706 1742 15

372 1763 556 1802 Nominis
594 1762 808 1801 novitatem
847 1761 1006 1801 dicendi
1044 1762 1165 1812 gloria
1203 1761 1371 1799 maxime
1409 1760 1645 1800 sublevabis.

318 1830 480 1878 Semper
500 1841 547 1866 ea
566 1841 626 1866 res
652 1827 864 1878 plurimum
887 1826 1085 1877 dignitatis
1106 1826 1254 1864 habuit.
1314 1827 1409 1864 Non
1430 1832 1559 1875 potest
1580 1826 1647 1875 qui

317 1893 458 1944 dignus
492 1893 659 1931 habetur
692 1899 880 1942 patronus
914 1890 1179 1930 consularium
1217 1889 1402 1940 indignus
1441 1891 1647 1928 consulatu

318 1957 454 2008 putari.
515 1958 647 2006 Quam
675 1957 727 1995 ob
755 1970 837 1994 rem
866 1955 1055 2006 quoniam
1082 1955 1133 1993 ab
1152 1956 1227 1993 hac
1250 1955 1367 1992 laude
1391 1953 1647 2004 proficisceris

318 2031 355 2061 et
385 2023 575 2073 quicquid
602 2036 643 2061 es
673 2035 719 2060 ex
748 2023 825 2060 hoc
851 2035 902 2068 es,
930 2020 982 2059 ita
1008 2027 1164 2071 paratus
1190 2021 1242 2058 ad
1271 2019 1485 2058 dicendum
1514 2018 1647 2058 venito
1668 2035 1705 2058 20

363 2127 485 2166 Incipit
499 2126 774 2157 commentarium
789 2124 984 2156 consulatus
998 2124 1170 2163 petitionis
1183 2123 1325 2153 feliciter
1338 2122 1396 2152 H:
1417 2122 1456 2160 Q.
1473 2122 1647 2153 Ciceronis

318 2171 359 2201 de
376 2170 541 2210 petitione
558 2170 753 2200 consulatus
771 2170 812 2199 ad
832 2168 874 2199 M.
896 2168 1040 2198 Tullium
1059 2168 1194 2197 fratrem
1212 2166 1282 2196 dett.
1302 2177 1308 2196 :
1332 2166 1436 2204 sedes.
1460 2168 1474 2202 ξ
1493 2166 1607 2204 58fi11.

362 2225 378 2253 7
404 2219 461 2244 aut
485 2214 720 2252 intellegentia
742 2211 970 2243 secludcndmn
995 2211 1075 2242 coni.
1102 2209 1296 2248 chsenbcnc.
1322 2209 1447 2239 seclusit
1469 2209 1646 2239 Bia-helem

318 2262 374 2287 aut
392 2258 565 2296 diligentia
583 2257 654 2288 dest.
793 2267 830 2286 10
855 2256 1048 2286 addisceres
1066 2254 1180 2284 Lamb.
1199 2264 1206 2283 t
1232 2263 1298 2283 -em
1315 2252 1387 2282 HF
1516 2262 1554 2282 12
1574 2255 1649 2292 post

318 2306 528 2339 ponerentur
545 2301 595 2331 ln'c
609 2301 692 2330 dant
708 2299 794 2330 codd.
814 2299 1024 2337 Quamquam
1045 2321 1052 2328 .
1073 2321 1080 2328 .
1100 2321 1107 2327 .
1127 2298 1263 2327 vincere
1284 2300 1298 2333 ξ
1319 2306 1360 2335 42
1472 2306 1511 2336 13
1536 2295 1646 2335 Prope

319 2343 403 2373 HF:
432 2343 576 2374 Proinde
599 2344 770 2374 Basa-cns:
807 2343 938 2382 Nempe
955 2341 1033 2372 coni.
1054 2340 1232 2372 Buclzeler:
1250 2339 1334 2383 sort.
1356 2338 1461 2370 Porro
1607 2348 1645 2377 14

319 2392 370 2417 est
394 2387 581 2426 Tydeman:
605 2388 646 2417 sit
663 2386 751 2418 codd.
