1871 2782
271 141 380 179 III.i
697 141 752 177 M.
785 141 953 178 TVLLI
985 139 1290 179 CICERONIS

333 250 424 291 bit†.
476 253 538 288 Tu
560 258 691 289 tamen
712 250 743 288 si
763 250 873 289 aliter
893 251 1023 299 sentis,
1047 250 1214 289 rescribe
1236 264 1354 301 quarn
1376 249 1556 301 primum.
1608 253 1656 290 In

334 316 538 354 balneariis
585 329 673 354 assa
711 316 750 354 in
789 318 954 355 alterum
997 316 1200 367 apodyteri
1244 317 1432 366 angulum
1479 316 1657 366 promovi

332 388 536 431 propterea
566 383 675 431 quod
702 381 754 419 ita
779 389 887 419 erant
914 381 1042 432 posita
1069 389 1111 419 ut
1138 395 1273 420 eorum
1295 380 1540 431 vaporarium
1564 379 1588 432 [‚
1612 394 1658 419 ex

331 459 411 495 quo
432 445 531 495 ignis
558 444 756 498 erumpit‚]
780 453 881 484 esset
911 442 1133 484 subiectum
1164 444 1366 484 cubiculis.
1427 445 1658 495 Subgrande

330 510 557 549 cubiculum
584 518 717 549 autem
738 518 775 549 et
796 511 1006 549 hibernum
1030 512 1195 549 alterum
1216 511 1330 548 valde
1356 508 1519 560 probavi
1549 510 1656 558 quod
1676 520 1693 550 5

329 582 367 613 et
395 577 527 625 ampla
556 583 665 613 erant
695 583 733 614 et
762 577 851 614 loco
881 575 1008 625 posita
1038 574 1317 613 ambulationis
1347 588 1428 612 uno
1457 575 1585 621 latere,
1608 588 1657 612 eo

329 641 437 689 quod
472 648 530 678 est
568 640 790 690 proximum
829 640 1046 679 balneariis.
1119 641 1335 679 Columnas
1369 652 1499 688 neque
1532 646 1656 677 rectas

329 718 458 754 neque
489 719 510 743 e
539 705 697 756 regione
729 704 913 756 Diphilus
943 704 1177 743 conlocarat.
1239 706 1316 742 Eas
1347 703 1495 741 scilicet
1524 705 1657 741 demo-

328 769 450 807 lietur.
494 769 723 819 Aliquando
744 769 1027 820 perpendiculo
1047 777 1085 807 et
1106 769 1209 807 linea
1224 767 1349 807 discet
1369 767 1435 806 uti.
1479 768 1656 807 Omnino

328 847 442 884 spero
468 834 603 884 paucis
631 835 833 873 mensibus
863 848 962 884 opus
993 834 1143 884 Diphili
1170 835 1385 884 perfectum
1412 835 1518 881 fore;
1546 841 1655 872 curat
1677 849 1715 871 10

329 898 434 937 enim
456 898 752 948 diligentissime
774 899 948 946 Caesius,
972 899 1039 949 qui
1060 906 1143 937 turn
1165 913 1320 938 mecum
1342 898 1423 937 fuit.

384 965 443 1001 Ex
463 977 510 1001 eo
532 965 620 1001 loco
645 970 750 1002 recta
770 963 960 1002 Vitularia
987 963 1048 1001 via
1074 963 1238 1014 profecti
1265 977 1399 1002 sumus
1425 963 1466 1001 in
1487 963 1656 1002 Fufidia-

327 1041 421 1065 num
443 1029 622 1076 fundum,
639 1042 757 1079 quem
775 1028 844 1067 tibi
866 1028 1052 1079 proximis
1073 1028 1260 1067 nundinis
1276 1027 1415 1079 Arpini
1431 1030 1481 1067 de
1497 1028 1654 1067 Fufidio

327 1094 397 1131 HS
425 1105 594 1131 ccelooo
615 1106 681 1132 Clo
705 1107 934 1132 emeramus.
996 1096 1082 1144 Ego
1106 1096 1238 1132 locum
1265 1102 1412 1132 aestate
1438 1093 1655 1132 umbrosio-

326 1170 406 1195 rem
428 1157 507 1196 vidi
528 1172 772 1208 numquam3
802 1158 1004 1209 permultis
1032 1159 1127 1197 locis
1154 1173 1299 1209 aquam
1325 1161 1586 1208 profluentem
1615 1166 1652 1197 et
1675 1174 1711 1206 15

325 1234 411 1259 eam
434 1223 606 1261 uberem.
668 1223 775 1272 Quid
797 1223 980 1273 quaeris?
1018 1224 1150 1273 iugera
1172 1236 1195 1261 L
1215 1223 1313 1274 prati
1335 1223 1497 1263 Caesius
1518 1223 1655 1273 inriga-

324 1294 454 1324 turum
485 1287 597 1326 facile
627 1296 664 1326 te
694 1288 962 1327 arbitrabatur.
1037 1289 1235 1339 Equidem
1266 1290 1343 1327 hoc
1372 1290 1481 1339 quod
1513 1288 1652 1327 melius

324 1351 508 1401 intellego
528 1354 705 1400 adfirmo,
729 1353 891 1392 mirifica
907 1353 1096 1392 suavitate
1110 1354 1240 1391 villam
1261 1353 1485 1391 habiturum
1501 1353 1652 1403 piscina

323 1423 361 1454 et
378 1417 605 1456 salientibus
626 1418 780 1466 additis,
799 1420 990 1469 palaestra
1004 1427 1041 1457 et
1055 1419 1150 1457 silva
1168 1418 1413 1459 †virdicata†.
1464 1420 1495 1457 F
1498 1420 1649 1457 undum

321 1481 442 1520 audio
466 1489 503 1521 te
533 1484 639 1521 hunc
665 1483 914 1522 Bovillanum
941 1486 1040 1522 velle
1069 1484 1244 1523 retinere.
1306 1486 1368 1522 De
1396 1497 1444 1522 eo
1474 1483 1570 1533 quid
1598 1484 1650 1522 vi·
1669 1500 1709 1522 20

322 1548 460 1584 deatur
484 1547 566 1597 ipse
595 1548 819 1587 constitues
880 1549 1094 1589 †Calibus†
1125 1549 1255 1588 aiebat
1288 1562 1391 1599 aqua
1421 1550 1583 1598 dempta
1611 1556 1649 1587 et

321 1611 405 1649 eius
434 1626 560 1662 aquae
590 1613 672 1651 iure
701 1614 916 1652 constituto
945 1622 983 1652 et
1015 1614 1199 1653 servitute
1228 1616 1353 1653 fundo
1383 1613 1437 1651 illi
1467 1613 1650 1664 imposita

321 1684 453 1716 tamen
499 1692 571 1717 nos
610 1679 777 1729 pretium
826 1694 976 1719 servare
1015 1694 1131 1730 posse
1170 1680 1201 1718 si
1240 1681 1410 1718 vendere
1449 1681 1648 1718 vellemus.

323 1743 562 1781 Mescidium
585 1758 740 1783 mecum
769 1745 900 1784 habui.
961 1747 1000 1784 Is
1028 1760 1069 1784 se
1094 1745 1212 1784 ternis
1240 1744 1412 1783 nummis
1440 1745 1480 1783 in
1507 1746 1650 1795 pedem

320 1814 451 1845 tecum
491 1809 722 1859 transegisse
761 1810 929 1857 dicebat,
966 1824 1052 1849 sese
1090 1818 1222 1849 autem
1262 1824 1443 1848 mensum
1482 1810 1650 1860 pedibus
1672 1826 1709 1857 25

319 1871 450 1910 aiebat
472 1886 657 1923 passuum
680 1886 807 1913 111010.
860 1875 962 1913 Mihi
984 1877 1070 1925 plus
1091 1875 1218 1914 visum
1240 1883 1322 1922 est3
1352 1876 1421 1913 sed
1443 1876 1650 1924 praestabo

320 1933 520 1987 sumptum
546 1952 742 1989 nusquam
770 1940 910 1978 melius
938 1954 1055 1990 posse
1079 1940 1185 1990 poni.
1246 1940 1443 1980 Cillonem
1470 1940 1649 1979 arcessie-

319 2014 400 2038 ram
422 2003 594 2040 Venafro
611 2018 619 2048 ;
659 2004 727 2041 sed
759 2017 807 2042 eo
838 2004 923 2054 ipso
953 2004 1018 2043 die
1048 2012 1233 2054 quattuor
1262 2004 1344 2042 eius
1375 2018 1584 2042 conservos
1611 2013 1649 2042 et

281 2084 299 2113 4
320 2064 533 2115 discipulos
556 2068 715 2105 Venafri
738 2068 943 2107 cuniculus
960 2077 1215 2119 oppresserat.
1268 2069 1406 2107 Idibus
1428 2069 1645 2118 Septembr.

363 2181 382 2209 3
406 2182 448 2201 ex
466 2182 531 2210 quo
552 2172 638 2210 ignis
658 2173 803 2212 erumpit
821 2173 877 2204 del.
901 2173 1040 2203 Vrsinus
1150 2182 1169 2210 5
1194 2172 1322 2212 autern]
1342 2173 1504 2202 aestivum
1520 2171 1653 2202 Ernesti

319 2214 459 2245 alterum
478 2215 653 2246 Lehmann
672 2228 678 2247 ε
695 2216 797 2246 altum
814 2216 853 2245 M
998 2226 1034 2254 13
1059 2216 1219 2246 nundinis
1231 2215 1454 2246 Bentz'volz'us:
1471 2216 1596 2246 nuntiis
1611 2216 1651 2246 M

322 2268 357 2292 14
384 2268 436 2288 cm
454 2270 517 2289 om.
536 2259 628 2291 Man.
723 2261 761 2290 18
785 2260 950 2290 suavitate
967 2266 1000 2291 te
1015 2263 1083 2290 velt.
1180 2269 1219 2298 19
1237 2260 1373 2289 ridicata
1389 2259 1507 2289 Orelli:
1530 2259 1646 2289 vitium

319 2301 456 2332 ridicata
480 2303 625 2342 vaser:
650 2302 747 2333 viridi
772 2304 883 2334 iuncta
903 2303 1037 2343 Geozges
1212 2313 1254 2333 20
1278 2304 1366 2333 hunc
1392 2302 1451 2333 M:
1479 2313 1568 2333 nunc
1592 2303 1651 2332 alsi

318 2343 527 2375 Bovillanum
544 2346 660 2377 Lami).
680 2358 686 2377 x
710 2347 912 2377 bobilianum
928 2347 968 2376 Μ
1094 2347 1242 2377 retinere
1259 2345 1332 2377 Vici.
1351 2358 1358 2376 :
1389 2357 1424 2376 re
1441 2346 1515 2376 sine
1533 2357 1568 2377 re
1586 2346 1646 2377 M:

318 2388 509 2419 rescindere
529 2389 556 2420 C
651 2400 689 2420 21
710 2390 853 2421 Caesius
867 2390 960 2421 Man.
979 2402 984 2420 :
1009 2390 1133 2421 Calvus
1149 2389 1350 2421 Cratander:
1365 2390 1445 2429 fort.
1463 2390 1622 2421 Camillus
