1871 2782
153 871 193 892 10

155 1518 194 1539 20

154 1921 192 1953 25

633 170 746 208 EPP.
778 170 856 206 AD
888 169 1124 206 BRVTVM
1496 169 1527 206 1.
1546 168 1592 206 iv

213 279 287 317 nisi
309 281 450 318 modus
470 279 510 317 in
531 279 747 318 tribuendis
775 279 1001 318 honoribus.
1060 265 1149 317 Alia
1169 278 1301 317 omnia
1321 278 1376 317 sic
1396 280 1538 317 adsunt

213 352 254 381 ut
275 358 365 382 cum
387 344 562 394 quolibet
578 344 829 394 antiquorum
850 343 1066 394 comparari
1082 343 1234 394 possint
1251 351 1339 382 tuae
1355 343 1514 382 virtutes
1531 358 1539 390 3

213 421 336 445 unum
367 410 442 447 hoc
466 423 490 446 α
517 416 625 458 grato
654 408 787 446 animo
816 408 1046 458 liberalique
1074 409 1294 458 profectum
1324 408 1537 446 cautiorem

212 485 257 509 ac
280 473 580 510 moderatiorem
607 472 879 511 liberalitatem
907 472 1112 510 desiderat.
1173 472 1282 510 Nihil
1306 472 1410 510 enim
1432 486 1540 510 sena-

213 544 274 574 tus
307 537 491 586 cuiquam
524 539 615 576 dare
647 537 766 575 debet
797 538 906 587 quod
937 538 1038 575 male
1069 536 1330 586 cogitantibus
1360 538 1539 586 exemplo

212 609 279 638 aut
310 602 506 651 praesidio
541 601 599 640 sit.
661 603 801 651 Itaque
832 601 953 639 timeo
985 602 1035 640 de
1069 603 1276 639 consulatu
1310 615 1359 639 ne
1395 602 1540 640 Caesar

212 673 301 703 tuus
329 666 443 704 altius
471 680 512 705 se
538 666 763 705 ascendisse
792 673 902 716 putet
932 665 1097 704 decretis
1123 665 1198 703 tuis
1226 679 1344 715 quarn
1373 665 1475 711 inde,
1509 665 1539 703 si

213 732 351 768 consul
383 733 507 769 factus
541 731 600 777 sit,
638 731 685 769 sit
716 732 986 769 descensurus.
1047 731 1167 779 Quod
1199 730 1230 768 si
1261 729 1458 768 Antonius
1490 729 1540 767 ab
1560 737 1583 773 3
1606 730 1656 774 (5)

213 794 289 832 alio
330 796 508 834 relictum
556 795 663 845 regni
710 795 1014 834 instrumentum
1063 794 1314 833 occasionem
1353 794 1541 844 regnandi

214 859 361 906 habuit,
403 873 577 909 quonam
616 860 751 898 animo
796 861 877 898 fore
916 867 1029 909 putas
1069 859 1100 897 si
1139 859 1225 909 quis
1264 867 1423 897 auctore
1461 873 1542 897 non

214 930 378 972 tyranno
395 923 599 962 interfecto
620 926 690 963 sed
710 925 795 974 ipsc,
817 933 955 963 senatu
975 932 1085 974 putet
1106 937 1148 962 se
1168 923 1330 974 imperia
1346 924 1543 973 quaelibet

214 988 492 1038 concupiscere
526 991 671 1039 posse?
729 991 820 1038 Qua
849 1003 888 1028 re
918 996 1001 1026 tum
1032 996 1069 1027 et
1098 988 1323 1026 facilitatem
1353 996 1391 1026 et
1420 988 1544 1038 provi-

214 1052 389 1091 dentiam
423 1055 595 1092 laudabo
634 1062 741 1092 tuam
780 1067 871 1092 cum
910 1055 1153 1103 exploratum
1192 1054 1336 1091 habere
1375 1066 1542 1103 coepero

216 1119 424 1157 Caesarem
467 1119 683 1157 honoribus
721 1132 821 1169 quos
867 1118 1062 1168 acceperit
1109 1117 1419 1156 extraordinariis
1462 1120 1542 1156 fore

177 1191 456 1226 5contentum.
531 1183 716 1222 ‘Alienae
755 1183 892 1233 igitur'
931 1182 1085 1232 inquies
1127 1184 1290 1231 ‘culpae
1329 1196 1392 1220 me
1432 1196 1541 1220 reum

215 1248 433 1286 subicies?’
502 1249 665 1285 Prorsus
703 1247 865 1293 alienae,
900 1246 931 1284 si
969 1245 1165 1296 provideri
1203 1245 1331 1295 potuit
1369 1260 1419 1284 ne
1450 1247 1543 1284 exsi-

215 1316 359 1351 steret!
419 1313 540 1360 Quod
578 1311 730 1349 utinam
768 1311 988 1361 inspectare
1016 1310 1142 1360 possis
1182 1310 1363 1349 timorem
1393 1312 1443 1349 de
1477 1311 1542 1349 illo

213 1392 345 1416 meum
363 1380 370 1416 !

269 1442 344 1480 His
365 1442 500 1480 litteris
521 1442 673 1492 scriptis
693 1443 898 1480 consulem
919 1449 957 1480 te
978 1442 1124 1479 factum
1145 1440 1377 1480 audivimus.
1437 1443 1541 1479 Tum
1560 1448 1586 1485 4
1608 1442 1662 1485 (6)

215 1520 306 1545 vero
327 1507 512 1557 incipiam
531 1520 753 1556 proponere
779 1506 877 1544 mibi
901 1520 983 1544 rem
1012 1506 1213 1556 publicam
1243 1505 1383 1544 iustam
1406 1514 1444 1544 et
1464 1506 1541 1544 iam

215 1572 294 1609 suis
328 1572 520 1610 nitentem
550 1571 697 1610 viribus
736 1571 768 1609 si
806 1571 906 1609 istuc
940 1571 1085 1610 videro.
1146 1571 1267 1609 Filius
1298 1572 1401 1609 valet
1434 1578 1471 1609 et
1500 1571 1540 1609 in

214 1636 495 1675 Macedoniam
526 1649 618 1675 cum
650 1636 826 1688 equitatu
857 1636 1092 1687 praemissus
1124 1643 1192 1676 est.
1252 1635 1392 1675 Idibus
1423 1636 1541 1674 Maiis

212 1714 259 1739 ex
278 1709 424 1741 castris.

254 1831 295 1865 V
527 1834 596 1867 Ser.
615 1834 743 1866 Romae
758 1834 796 1865 iii
806 1833 894 1865 Non.
915 1833 996 1864 Mai.
1016 1843 1045 1865 a.
1068 1843 1123 1873 711
1140 1832 1220 1875 (43).

638 1911 811 1942 CICERO
838 1910 992 1941 BRVTO
1019 1909 1116 1942 SAL.

265 1990 312 2026 A.
345 1989 381 2026 d.
415 2000 440 2026 V
465 1989 515 2025 K.
543 1987 670 2025 Maias
705 2001 796 2025 cum
830 1987 880 2025 de
911 1986 956 2024 iis
991 1985 1059 2036 qui
1088 1987 1221 2024 hostes
1254 1984 1414 2024 iudicati
1445 1991 1572 2024 suntl

213 2053 316 2091 bello
355 2052 637 2103 persequendis
677 2051 893 2090 sententiae
938 2051 1170 2097 dicerentur,
1210 2050 1307 2089 dixit
1351 2049 1535 2088 Servilius

211 2118 329 2156 etiarn
349 2120 400 2156 de
420 2117 610 2156 Ventidio
638 2125 675 2155 et
703 2125 744 2155 ut
766 2116 925 2156 Cassius
952 2123 1250 2166 persequeretur
1271 2116 1532 2154 Dolabellam.

211 2182 287 2222 Cui
321 2196 412 2221 cum
446 2196 573 2220 essem
604 2183 804 2228 adsensus,
841 2180 997 2219 decrevi
1028 2182 1104 2219 hoc
1136 2180 1315 2230 amplius,
1347 2187 1389 2218 ut
1420 2187 1472 2226 tn,
1504 2179 1536 2218 si

253 2296 272 2316 2
298 2291 374 2316 tuae
390 2286 531 2316 virtutes
547 2286 612 2316 secl.
632 2285 727 2315 Man.
817 2294 836 2323 3
861 2295 880 2314 a
896 2283 972 2315 add.
987 2283 1105 2314 Lamb.
1196 2294 1215 2321 4
1241 2283 1408 2314 desiderat
1427 2282 1513 2314 Crat.
1529 2295 1534 2313 :

211 2334 285 2359 -ant
304 2328 345 2358 M
422 2331 442 2359 8
459 2329 502 2360 sit
517 2329 741 2359 descensurus
753 2327 816 2358 cod.
836 2328 963 2359 Vrsini:
982 2329 1225 2357 descensurum
1241 2327 1378 2365 Mvnlg.
1393 2338 1398 2356 :
1420 2337 1537 2357 ascen-

211 2382 325 2402 surum
336 2372 448 2403 Man.:
468 2381 687 2402 escensurum
699 2370 839 2411 Illadmg
924 2381 963 2401 12
984 2371 1179 2400 facilitatem
1194 2370 1285 2399 MA2
1305 2370 1408 2400 Crat.:
1435 2369 1535 2399 felici-

212 2420 315 2446 tatem
330 2415 357 2446 C
367 2419 390 2447 Σ
408 2416 458 2454 (cs.
474 2415 649 2445 Lehmann
663 2414 804 2454 ‘Att.'j›.
821 2414 894 2454 179)
989 2415 1028 2443 16
1043 2414 1174 2443 alienae
1188 2413 1244 2443 dcl.
1261 2413 1389 2453 Kayser
1399 2412 1540 2453 Madvig

208 2462 281 2500 post
296 2459 458 2489 existeret
471 2459 729 2500 interrogationis
745 2461 857 2488 notam
872 2456 963 2488 addit
978 2457 1099 2488 Gurlitt
1161 2466 1198 2497 17
1216 2466 1335 2496 posses
1351 2455 1538 2497 Wesenberg
