1871 2782
244 163 274 199 I.
291 173 323 199 x
673 162 727 198 M.
760 161 929 198 TVLLI
961 159 1269 199 CICERONIS

310 274 379 317 lex,
404 285 483 310 non
512 285 608 319 mos,
632 285 713 310 non
744 271 916 310 officium
942 273 1054 319 valet,
1077 285 1158 310 non
1188 269 1389 318 iudicium,
1413 283 1494 309 non
1515 268 1640 309 existi-

264 336 430 387 4matio
479 336 638 384 civium,
677 350 758 375 non
807 337 1044 388 posteritatis
1082 336 1330 375 verecundia.
1410 338 1524 375 Haec
1567 350 1640 387 ego

310 403 434 439 multo
465 409 556 440 ante
590 401 832 451 prospiciens
867 402 1064 452 fugiebam
1099 416 1145 440 ex
1178 401 1291 440 Italia
1322 408 1417 448 tum,
1451 415 1543 440 cum
1577 415 1641 440 me

310 473 525 505 vestrorum
547 467 765 505 edictorum
788 469 892 505 fama
911 469 1107 506 revocavit
1122 482 1131 514 3
1161 466 1369 505 incitavisti
1389 479 1481 504 vero
1501 474 1543 504 tu
1564 480 1638 512 me,

312 533 441 578 Brute,
483 531 633 583 Veliae..
708 533 962 581 Quamquam
1002 531 1107 570 enim
1146 531 1331 570 dolebam
1370 530 1410 568 in
1452 545 1539 569 eam
1578 543 1679 575 mes

312 597 449 635 urbem
470 596 524 635 ire
544 609 664 646 quam
686 604 727 634 tu
755 598 907 646 fugeres
928 596 995 646 qui
1020 610 1106 634 eam
1137 596 1391 643 liberavisses,
1416 597 1524 646 quod
1546 595 1642 633 mihi

311 674 470 711 quoque
502 663 705 711 quondam
739 661 935 700 acciderat
968 660 1143 711 periculo
1174 660 1301 708 simili,
1338 674 1431 699 casu
1462 660 1640 707 tristiore,

311 726 459 777 perrexi
480 734 613 765 tamen
632 728 884 775 Romamque
904 726 1062 776 perveni
1084 726 1274 774 nulloque
1294 725 1489 775 praesidio
1510 733 1642 775 quate-

311 791 383 830 feci
407 791 626 830 Antonium
647 799 863 841 contraque
892 790 975 829 eius
994 804 1103 828 arma
1123 791 1295 829 nefanda
1318 790 1512 840 praesidia
1541 804 1642 840 quae

311 857 443 894 oblata
463 864 554 894 sunt
575 856 754 896 Caesaris
775 856 941 894 consilio
961 864 999 894 et
1023 855 1254 894 auctoritate
1284 854 1445 893 firmavi.
1505 855 1586 904 Qui
1610 855 1641 894 si
1666 871 1704 892 10

311 921 458 960 steterit
489 922 566 960 fide
598 921 773 971 mihique
803 921 983 971 paruerit,
1007 920 1099 959 satis
1128 920 1308 959 videmur
1337 920 1507 959 habituri
1537 934 1644 971 prae-

313 986 410 1032 sidi;
454 987 514 1024 sin
552 994 685 1025 autem
726 986 937 1035 impiorum
976 985 1141 1024 consilia
1174 987 1261 1036 plus
1300 985 1491 1024 valuerint
1523 999 1643 1035 quam

312 1059 444 1089 nostra
491 1059 557 1089 aut
603 1051 850 1090 imbecillitas
897 1050 1035 1090 aetatis
1083 1064 1165 1089 non
1207 1051 1378 1101 potuerit
1415 1051 1643 1101 gravitatem

312 1130 439 1155 rerum
456 1116 658 1164 sustinere,
675 1130 763 1167 spes
785 1116 914 1155 omnis
935 1124 993 1155 est
1009 1116 1049 1154 in
1069 1124 1118 1155 te.
1179 1118 1311 1166 Quam
1325 1117 1377 1155 ob
1391 1130 1472 1155 rem
1489 1118 1641 1163 advola,

313 1182 488 1228 obsecro,
530 1189 649 1232 atque
688 1196 775 1220 eam
814 1196 896 1220 rem
935 1182 1147 1231 publicam,
1189 1195 1308 1232 quam
1347 1182 1487 1221 virtute
1526 1190 1644 1232 atque
1666 1195 1703 1227 ¹5

314 1247 435 1286 animi
467 1247 739 1297 magnitudine
774 1247 896 1297 magis
928 1261 1047 1297 quam
1078 1246 1227 1286 eventis
1259 1261 1388 1285 rerum
1420 1247 1643 1294 liberavisti,

315 1313 419 1351 exitu
441 1312 571 1351 libera.
632 1312 774 1351 Omnis
805 1311 984 1350 omnium
1014 1326 1228 1350 concursus
1258 1313 1309 1350 ad
1339 1319 1377 1350 te
1402 1314 1553 1350 futurus
1574 1320 1643 1350 est.

273 1385 297 1424 5
318 1380 488 1416 Hortare
519 1377 626 1416 idem
661 1391 729 1427 per
760 1377 905 1416 litteras
940 1377 1132 1416 Cassium.
1206 1379 1303 1427 Spes
1338 1377 1526 1416 libertatis
1559 1391 1646 1415 nus-

315 1456 433 1493 quam
464 1442 538 1481 nisi
569 1442 609 1480 in
641 1450 857 1481 vestrorum
887 1450 1102 1480 castrorum
1134 1442 1334 1492 principiis
1363 1450 1432 1480 est.
1493 1442 1644 1481 Firmos

315 1507 479 1546 omnino
500 1515 538 1546 et
558 1509 679 1546 duces
702 1508 894 1545 habemus
921 1507 972 1545 ab
1001 1507 1209 1546 occidente
1230 1515 1268 1546 et
1289 1507 1490 1546 exercitus.
1552 1510 1645 1547 Hoc
1667 1521 1707 1543 ²0

314 1572 578 1611 adulescentis
610 1572 849 1622 praesidium
880 1572 1066 1622 equidem
1096 1573 1228 1611 adhuc
1257 1574 1413 1610 firmum
1441 1586 1526 1611 esse
1556 1587 1647 1611 con-

315 1639 408 1684 fido,
441 1639 512 1676 sed
544 1637 597 1676 ita
632 1636 744 1676 multi
776 1638 1014 1676 labefactant
1046 1644 1088 1676 ut
1120 1651 1170 1676 ne
1209 1645 1412 1676 moveatur
1447 1638 1646 1678 interdum

316 1704 580 1741 extimescam.

371 1767 510 1806 Habes
541 1774 667 1806 totum
698 1767 752 1806 rei
781 1768 964 1818 publicae
994 1776 1149 1817 statum,
1174 1769 1240 1820 qui
1262 1769 1423 1820 quidem
1445 1777 1527 1808 tum
1553 1778 1645 1816 erat,

316 1847 407 1872 cum
428 1834 498 1871 has
519 1832 664 1871 litteras
686 1834 842 1872 dabam.
902 1834 1033 1873 Velim
1050 1835 1237 1885 deinceps
1254 1836 1415 1874 meliora
1432 1836 1518 1874 sint.
1579 1835 1646 1874 Sin
1669 1852 1706 1884 25

315 1899 426 1937 aliter
454 1898 579 1945 fuerit,
609 1898 736 1948 (quod
763 1899 803 1937 di
831 1913 949 1938 omen
978 1908 1154 1939 avertant
1171 1901 1196 1950 l)
1230 1900 1284 1939 rei
1311 1901 1493 1951 publicae
1521 1901 1647 1940 vicem

317 1964 463 2003 dolebo
493 1977 594 2013 quae
624 1963 856 2003 immortalis
883 1978 968 2004 esse
997 1966 1169 2005 debebat
1185 1981 1194 2014 3
1229 1966 1325 2004 mihi
1346 1966 1508 2016 quidem
1529 1979 1649 2016 quan-

318 2031 443 2068 tulum
465 2029 601 2079 reliqui
624 2033 711 2069 est?

365 2145 399 2164 11
429 2135 493 2165 fide
512 2135 686 2167 Bz‘iclzcler:
712 2138 799 2168 idem
817 2137 902 2169 codd.
926 2137 1091 2180 &emptum
1109 2142 1145 2168 ut
1164 2137 1293 2169 videtur
1306 2137 1429 2177 eidem)
1546 2149 1582 2177 17
1607 2139 1647 2169 ad

321 2184 352 2209 te
369 2178 500 2209 futurus
519 2179 571 2208 Μ2
587 2191 594 2210 z
617 2185 838 2211 attestaturus
856 2181 908 2212 M¹
1060 2192 1100 2222 19
1123 2181 1297 2222 principiis
1315 2182 1402 2213 MC:
1427 2181 1600 2222 praesidiis
1617 2182 1650 2212 R

321 2233 359 2261 27
386 2223 528 2255 debebat
546 2227 615 2255 vett.
638 2236 644 2255 τ
669 2225 790 2256 debeat
807 2225 848 2256 M
