1871 2782
216 141 326 178 III.i
650 140 705 177 M.
739 140 906 176 TVLLI
939 138 1246 178 CICERONIS

291 248 505 288 cohortaris
533 249 584 287 ad
614 248 872 287 ambitionem
898 256 935 287 et
959 250 1009 287 ad
1039 249 1225 295 laborem,
1249 246 1389 286 faciam
1419 246 1616 298 equidem,

291 316 360 353 sed
388 315 548 363 quando
576 312 782 351 vivemus?

234 395 271 425 13
346 381 495 428 Quarta
515 378 681 428 epistula
706 377 802 415 mihi
830 378 983 416 reddita
1010 385 1067 417 est
1090 377 1228 416 Idibus
1250 378 1354 426 Sept.
1378 389 1497 426 quam
1523 390 1556 414 a.
1579 377 1616 414 d.

292 455 353 481 1111
378 445 472 481 Idus
494 444 594 481 Sext.
619 456 666 480 ex
690 442 890 481 Britannia
912 444 1087 481 dederas.
1149 444 1198 481 Li
1225 455 1271 480 ea
1297 440 1394 479 nihil
1419 454 1512 478 sane
1539 448 1620 479 erat

290 507 380 546 novi
411 515 561 558 praeter
592 507 802 557 Erigonam
835 507 970 558 (quam
1001 507 1032 545 si
1061 508 1111 545 ab
1137 506 1269 556 Oppio
1300 519 1502 555 accepero,
1534 504 1621 543 scri·
1640 515 1657 547 5

291 574 382 611 bam
411 574 462 611 ad
492 580 530 611 te
560 572 655 622 quid
687 572 865 619 sentiam,
895 586 969 610 nec
1008 572 1148 610 dubito
1180 572 1276 621 quin
1307 570 1403 609 mihi
1432 569 1621 619 placitura

290 637 356 688 sit)
395 645 444 684 et,
478 639 586 687 quod
616 644 740 687 paene
780 637 970 686 praeterii,
1004 639 1054 675 de
1093 650 1141 674 eo
1180 649 1298 686 quem
1347 634 1533 684 scripsisti
1571 635 1620 672 de

293 701 456 740 Milonis
490 704 628 751 plausu
665 701 864 751 scripsisse
900 703 951 739 ad
984 702 1204 740 Caesarem.
1266 702 1352 749 Ego
1383 713 1475 737 vero
1509 698 1621 736 facile

293 766 419 816 patior
439 766 490 804 ita
513 768 721 806 Caesarem
752 766 970 804 existimare
995 765 1105 803 illum
1127 778 1246 814 quam
1267 763 1483 801 maximum
1503 763 1621 801 fuisse

294 834 485 882 plausum.
547 834 598 870 Et
618 845 774 881 prorsus
796 831 848 869 ita
869 831 964 878 fuit;
995 838 1032 868 et
1053 837 1186 868 tamen
1213 829 1277 866 ille
1303 830 1464 878 plausus
1480 827 1548 878 qui
1568 827 1622 865 illi
1644 840 1681 862 10

294 899 408 935 datur
428 898 603 946 quodam
625 898 746 934 modo
768 895 883 934 nobis
903 895 1057 934 videtur
1069 885 1170 935 dari.

237 976 276 1008 14
350 961 523 1000 Reddita
544 961 661 999 etiam
684 961 780 999 mihi
800 968 858 999 est
879 967 1059 1010 pervetus
1080 959 1258 1008 epistula,
1281 959 1351 996 sed
1372 971 1458 996 sero
1478 959 1618 1004 adlata,

294 1026 333 1064 in
361 1040 439 1076 qua
463 1027 513 1064 de
536 1028 635 1065 aede
656 1025 823 1064 Telluris
851 1032 888 1063 et
913 1026 963 1063 de
989 1024 1142 1074 porticu
1168 1023 1299 1063 Catuli
1326 1037 1390 1061 me
1416 1024 1619 1061 admones.

295 1091 356 1130 Fit
382 1100 593 1141 utrumque
621 1091 836 1141 diligenter.
896 1091 962 1128 Ad
982 1088 1150 1127 Telluris
1178 1088 1342 1138 quidem
1369 1088 1487 1126 etiam
1514 1095 1622 1125 tuam

295 1165 462 1196 statuam
489 1156 624 1196 locavi.
687 1158 788 1195 Item
809 1157 858 1194 de
879 1155 1001 1193 hortis
1023 1168 1086 1192 me
1108 1155 1217 1204 quod
1243 1155 1447 1200 admones,
1471 1167 1546 1191 nec
1567 1152 1622 1190 fui
1644 1165 1681 1197 15

295 1236 484 1273 umquam
515 1223 629 1260 valde
668 1221 835 1271 cupidus
875 1227 912 1258 et
951 1233 1058 1259 nunc
1093 1220 1237 1258 domus
1272 1218 1498 1269 suppeditat
1527 1216 1625 1256 mihi

295 1290 497 1326 hortorum
524 1286 816 1326 amoenitatem.

351 1355 523 1391 Romam
548 1365 639 1389 cum
659 1338 854 1390 venissem
881 1364 914 1389 a.
938 1352 974 1388 d.
999 1362 1077 1388 X111
1102 1352 1151 1388 K.
1180 1349 1374 1396 Octobris,
1399 1349 1624 1387 absolutum

296 1417 444 1456 offendi
474 1416 513 1455 in
543 1416 708 1455 aedibus
738 1415 813 1454 tuis
843 1423 1003 1462 tectum,
1030 1416 1140 1465 quod
1170 1428 1287 1464 supra
1316 1413 1519 1452 conclavia
1544 1426 1625 1450 non

297 1485 495 1533 placuerat
519 1481 589 1519 tibi
619 1494 704 1519 esse
733 1482 946 1520 multorum
973 1479 1227 1530 fastigiorum,
1257 1479 1298 1517 id
1325 1492 1432 1516 nunc
1461 1479 1626 1516 honeste
1646 1490 1687 1511 20

298 1547 418 1598 vergit
440 1546 479 1584 in
500 1554 648 1585 tectum
669 1545 858 1584 inferioris
880 1545 1062 1595 porticus.
1124 1544 1264 1584 Cicero
1286 1552 1418 1581 noster
1437 1544 1534 1581 dum
1554 1555 1628 1592 ego

299 1614 439 1651 absum
456 1625 538 1649 non
554 1611 717 1650 cessavit
730 1612 837 1660 apud
850 1612 1057 1648 rhetorem.
1104 1611 1167 1647 De
1184 1608 1266 1650 eius
1283 1607 1503 1646 eruditione
1520 1608 1630 1657 quod

301 1678 454 1715 labores
475 1677 572 1714 nihil
592 1684 660 1723 est,
684 1676 871 1726 quoniam
892 1675 1094 1725 ingenium
1120 1674 1202 1712 eius
1223 1673 1338 1721 nosti,
1361 1672 1535 1711 studium
1556 1686 1629 1722 ego

259 1775 283 1813 5
301 1743 427 1781 video.
471 1743 612 1781 Cetera
628 1741 710 1779 eius
723 1743 774 1779 sic
785 1740 956 1790 suscipio
973 1747 1015 1778 ut
1032 1754 1095 1778 me
1110 1746 1246 1789 putem
1260 1746 1455 1789 praestare
1471 1738 1626 1776 debere.

243 1836 281 1867 15
357 1805 572 1845 Gabinium
605 1813 682 1843 tres
714 1807 846 1843 adhuc
880 1804 1070 1842 factiones
1103 1805 1316 1853 postulant,
1349 1804 1392 1840 L.
1423 1802 1626 1848 Lentulus,
1649 1816 1688 1848 25

302 1871 469 1910 flaminis
504 1870 617 1917 filius,
650 1870 717 1920 qui
751 1870 829 1908 iam
864 1871 915 1908 de
949 1869 1152 1907 maiestate
1182 1867 1406 1918 postulavit,
1438 1867 1498 1905 Ti.
1522 1868 1630 1904 Nero

300 1952 391 1976 cum
421 1936 537 1975 bonis
568 1934 910 1985 subscriptoribus,
934 1936 978 1974 C.
1007 1933 1222 1972 Memmius
1252 1933 1433 1971 tribunus
1460 1933 1510 1982 pl.
1540 1945 1631 1970 cum

305 2006 344 2041 L.
383 2001 588 2052 Capitone.
666 2002 732 2038 Ad
770 2001 909 2038 urbem
947 1999 1112 2037 accessit
1145 2012 1178 2036 a.
1212 1999 1249 2036 d.
1284 2010 1345 2035 xii
1384 2000 1436 2036 K.
1468 1997 1628 2035 Octobr.

303 2067 413 2105 Nihil
444 2066 594 2116 turpius
627 2079 700 2103 nec
730 2064 932 2103 desertius.
993 2065 1072 2102 Sed
1101 2063 1161 2102 his
1191 2062 1346 2100 iudiciis
1376 2061 1473 2100 nihil
1502 2062 1633 2099 audeo

303 2133 512 2171 considere.
585 2132 706 2179 Quod
742 2132 843 2170 Cato
881 2144 961 2168 non
996 2129 1161 2175 valebat,
1198 2129 1329 2166 adhuc
1367 2128 1418 2165 de
1456 2125 1633 2176 pecuniis
1654 2140 1693 2170 30

304 2196 532 2247 repetundis
571 2210 653 2234 non
692 2203 773 2233 erat
815 2196 1046 2245 postulatus.
1107 2192 1319 2242 Pompeius
1357 2205 1381 2229 a
1418 2205 1481 2229 me
1520 2191 1634 2228 valde

306 2262 509 2301 contendit
543 2263 593 2300 de
626 2261 754 2299 reditu
793 2260 833 2298 in
866 2259 1028 2310 gratiam
1067 2259 1137 2296 sed
1175 2259 1306 2295 adhuc
1340 2255 1437 2294 nihil
1471 2254 1635 2305 profecit

352 2377 369 2405 7
394 2376 502 2405 paene
520 2364 594 2395 add.
620 2364 806 2404 W'esenbcrg
937 2373 975 2393 21
1002 2362 1116 2392 absum
1135 2361 1254 2391 Lamb.
1275 2372 1282 2391 t
1306 2360 1423 2391 adsum
1443 2358 1484 2387 M
1594 2368 1636 2397 23

307 2410 462 2449 quoniam
481 2414 516 2439 tu
539 2408 726 2449 ll'esenbcrg
831 2418 868 2445 24
895 2407 944 2437 sic
961 2406 1035 2436 add.
1060 2404 1248 2444 chscnbng
1350 2408 1430 2443 puto
1447 2402 1576 2442 Kayscr
