1871 2782
431 176 544 214 EPP.
578 177 656 213 AD
687 176 954 225 QVINTVM
987 177 1259 214 FRATREM
1461 176 1540 213 ΙΙΙ.
1560 176 1605 212 iii

179 285 285 324 illam
306 285 555 337 disciplinam
575 288 666 325 volo
693 293 731 325 et
757 286 841 336 ipse
867 300 964 337 puer
989 286 1111 337 magis
1139 287 1204 325 illo
1225 287 1505 326 declamatorio

178 364 320 400 genere
340 351 432 389 duci
452 360 490 390 et
510 350 696 390 delectari
715 350 877 389 videtur.
939 352 986 389 In
1008 365 1087 401 quo
1108 352 1295 401 quoniam
1317 351 1392 402 ipsi
1413 365 1506 402 quo-

179 430 256 466 que
285 416 440 464 fuimus,
472 416 666 467 patiamur
693 415 803 454 illurn
833 416 888 454 ire
918 416 1058 455 nostris
1093 416 1323 465 itineribus;
1363 418 1504 456 eodem

178 480 284 518 enim
300 489 576 530 perventurum
590 494 674 519 esse
688 480 934 519 confidimus.
994 482 1070 519 Sed
1092 489 1234 528 tamen,
1251 481 1281 519 si
1298 482 1505 520 nobiscum

141 557 157 588 5
179 559 269 584 eum
290 560 353 584 rus
379 545 513 595 aliquo
539 544 799 592 eduxerimus,
822 545 862 583 in
888 546 991 583 hanc
1010 553 1183 583 nostram
1204 545 1395 584 rationem
1417 559 1506 584 con-

179 611 509 660 suetudinemque
539 610 784 648 inducemus.
844 611 992 660 Magna
1024 609 1129 648 enim
1160 610 1275 648 nobis
1304 624 1327 648 a
1356 618 1394 648 te
1423 623 1506 660 pro-

178 675 305 726 posita
326 689 474 713 merces
495 682 564 722 est,
587 688 707 725 quam
727 682 831 713 certe
851 682 983 712 nostra
1002 676 1118 724 culpa
1138 688 1355 724 numquam
1377 674 1504 712 minus

177 741 450 789 adsequemur.
512 739 668 788 Quibus
689 739 729 777 in
755 738 850 777 locis
872 746 910 777 et
935 752 1013 788 qua
1032 752 1102 789 spe
1122 739 1362 778 hiematurus
1384 739 1435 778 sis
1455 741 1504 778 ad

178 818 241 843 me
261 819 380 855 quam
401 804 699 855 diligentissime
718 804 865 842 scribas
883 804 1010 842 velim.

119 964 158 987 10
219 954 285 989 IV
462 958 533 990 Ser.
555 958 685 989 Romae
700 969 728 989 a.
750 958 780 989 d.
801 959 835 988 ix
849 957 892 989 K.
909 957 993 989 Nov.
1011 968 1041 989 α.
1064 968 1121 997 700
1141 958 1224 999 (54)

415 1035 606 1066 MARCVS
632 1035 809 1074 QVINTO
835 1035 1008 1065 FRATRI
1035 1034 1261 1066 SALVTEM.

231 1111 423 1151 Gabinius
435 1113 640 1150 absolutus
660 1120 728 1150 est.
788 1111 964 1150 Omnino
983 1111 1080 1149 nihil
1092 1119 1318 1150 accusatore
1335 1114 1504 1150 Lentulo
1525 1127 1541 1154 1

177 1176 586 1226 subscriptoribusque
599 1176 682 1214 eius
702 1176 900 1222 infantius,
915 1176 1012 1213 nihil
1032 1175 1099 1213 illo
1114 1175 1279 1214 consilio
1295 1176 1500 1214 sordidius.

176 1242 254 1279 Sed
274 1248 407 1279 tamen
433 1240 508 1278 nisi
534 1240 774 1278 incredibilis
794 1240 1009 1287 contentio,
1031 1254 1166 1290 preces
1188 1241 1363 1290 Pompei,
1386 1241 1505 1280 dicta-

119 1315 155 1348 15
176 1312 283 1343 turae
303 1305 419 1343 etiam
449 1318 582 1343 rumor
609 1306 750 1354 plenus
779 1304 929 1342 timoris
957 1304 1103 1352 fuisset,
1129 1304 1203 1354 ipsi
1228 1306 1396 1344 Lentulo
1423 1320 1502 1344 non

173 1368 452 1419 respondisset,
491 1368 558 1418 qui
601 1376 733 1407 tamen
776 1368 844 1407 illo
885 1376 1112 1408 accusatore
1140 1360 1301 1419 *illoque
1339 1370 1503 1409 consilio

174 1433 376 1472 sententiis
407 1435 695 1472 condemnatus
725 1433 773 1472 sit
799 1445 922 1472 XXXII
951 1448 1042 1472 curn
1071 1446 1154 1472 LXX
1185 1434 1372 1473 tulissent.
1433 1437 1503 1473 Est

174 1499 338 1537 omnino
367 1506 448 1537 tam
476 1498 581 1548 gravi
610 1501 715 1537 fama
744 1500 820 1538 hoc
850 1499 1039 1538 iudicium
1068 1507 1111 1537 ut
1139 1499 1317 1538 videatur
1345 1500 1502 1550 reliquis

174 1563 327 1602 iudiciis
356 1563 549 1614 periturus
579 1572 618 1602 et
644 1564 813 1603 maxime
842 1565 892 1603 de
922 1564 1100 1615 pecuniis
1127 1565 1364 1615 repetundis.
1425 1567 1502 1605 Sed

117 1645 156 1666 20
173 1629 282 1667 vides
302 1631 450 1667 nullam
471 1643 556 1667 esse
575 1643 657 1668 rem
682 1630 895 1680 publicam,
915 1632 1067 1668 nullum
1094 1638 1288 1678 senatum,
1316 1633 1422 1669 nulla
1449 1631 1503 1669 iu-

173 1694 289 1742 dicia,
317 1697 465 1733 nullam
495 1695 535 1733 in
564 1697 646 1734 ullo
675 1704 851 1733 nostrum
881 1695 1123 1746 dignitatem.
1184 1696 1292 1745 Quid
1316 1698 1426 1746 plura
1452 1698 1501 1735 de

173 1759 399 1798 iudicibus?
448 1762 541 1798 Duo
567 1760 750 1811 praetorii
777 1762 973 1808 sederunt,
1009 1760 1207 1800 Domitius
1235 1761 1422 1800 Calvinus
1452 1761 1500 1811 (is

172 1832 305 1874 aperte
341 1825 510 1863 absolvit
543 1832 586 1863 ut
624 1839 763 1864 omnes
801 1825 995 1875 viderent)
1036 1833 1074 1864 et
1109 1826 1209 1864 Cato
1247 1825 1296 1876 (is
1334 1824 1500 1863 diribitis

173 1889 325 1927 tabellis
345 1890 396 1927 de
409 1889 556 1927 circulo
576 1903 618 1928 se
638 1890 824 1928 subduxit
844 1898 883 1928 et
904 1890 1095 1940 Pompeio
1109 1890 1256 1940 primus
1277 1890 1498 1939 nuntiavit).

117 1964 153 1994 25
172 1953 296 1992 Aiunt
316 1967 397 1991 non
417 1953 514 1991 nulli
534 1962 577 1991 ut
603 1954 807 1992 Sallustius
838 1968 901 1993 me
925 1954 1144 2003 oportuisse
1167 1968 1361 1993 accusare.
1423 1954 1499 1993 His
1518 1964 1542 1991 2

173 2032 245 2068 ego
283 2018 479 2057 iudicibus
517 2018 837 2057 committerem?
885 2019 994 2068 Quid
1028 2033 1165 2067 essem,
1202 2019 1233 2057 si
1268 2033 1330 2058 me
1361 2027 1500 2070 agente

173 2091 274 2121 esset
300 2085 487 2132 elapsus?
534 2084 612 2121 Sed
640 2097 702 2121 me
727 2083 803 2121 alia
830 2092 1045 2122 moverunt.
1106 2086 1199 2122 Non
1223 2091 1397 2134 putasset
1426 2084 1500 2123 sibi

172 2147 385 2198 Pompeius
406 2149 456 2186 de
476 2147 578 2185 illius
598 2149 722 2186 salute
746 2149 816 2186 sed
843 2150 893 2187 de
920 2162 990 2187 sua
1016 2148 1204 2199 dignitate
1231 2162 1387 2188 mecum
1415 2163 1499 2188 esse

219 2262 256 2290 14
281 2262 465 2290 precesque
483 2250 516 2280 R
650 2252 688 2281 16
712 2256 824 2281 tamen
842 2251 882 2282 I:
906 2256 974 2282 turn
993 2252 1066 2282 MR
1199 2262 1235 2292 17
1259 2252 1316 2293 sit]
1335 2258 1385 2283 est
1402 2252 1501 2284 Klotz

173 2305 246 2325 xxn
265 2295 311 2333 M,
330 2295 436 2334 sedes.
457 2294 530 2325 Att.
550 2294 592 2325 iv.
614 2295 661 2325 18.
682 2305 694 2325 1
718 2297 783 2334 [16.
803 2306 836 2333 91
950 2306 991 2334 23
1017 2295 1208 2336 Cato]sort.
1229 2297 1348 2333 Cotta;
1373 2297 1409 2336 cs.
1432 2298 1461 2328 8.
1479 2298 1500 2326 6

172 2342 200 2368 et
216 2339 313 2369 chbs
329 2344 379 2378 ap.
400 2337 685 2378 Pauly-lVissowa
703 2339 734 2369 ii.
751 2340 849 2377 2489,
879 2349 908 2369 n.
939 2341 1010 2377 108,
1039 2349 1100 2378 109
1210 2340 1352 2370 diribitis
1381 2340 1473 2370 ,Mam
1493 2353 1499 2370 :

173 2383 317 2420 diruptis
335 2382 394 2412 M:
419 2382 595 2421 diremptis
619 2382 780 2422 Sigonius
794 2383 882 2421 vulg.
1015 2392 1055 2420 25
1080 2388 1114 2413 ut
1134 2383 1223 2414 ¹'corta
1243 2394 1281 2412 ex
1297 2385 1420 2419 autem]¹
1440 2383 1500 2414 M:

173 2431 285 2457 autem
302 2425 336 2456 R
351 2437 357 2456 :
381 2426 469 2466 quod
486 2425 525 2456 I:
550 2426 650 2456 etiam
672 2424 860 2467 IW’senbezg
875 2437 881 2456 z
906 2426 984 2457 item
1001 2425 1173 2457 lelerlaecle
1189 2438 1195 2456 z
1209 2426 1291 2466 sort.
1312 2431 1348 2457 ut
1364 2427 1424 2458 Cn.
