1871 2782
231 160 372 198 ΙΙΙ.ὶῇ
683 158 738 194 Μ.
770 157 938 194 TVLLI
971 156 1278 195 CICERONIS

317 283 408 309 cura
438 269 621 308 sollicitat
645 267 831 318 angitque
861 269 1115 306 vehementer
1144 267 1253 317 quod
1283 265 1436 305 dierum
1463 265 1541 304 iam
1570 279 1651 305 arn-

316 335 416 386 plius
449 333 734 384 quinquaginta
764 333 967 371 intervallo
1005 332 1101 370 nihil
1139 345 1162 370 a
1199 340 1249 379 te,
1284 331 1381 369 nihil
1415 345 1438 370 a
1470 333 1647 378 Caesare,

315 400 411 438 nibil
451 414 497 438 ex
535 399 617 438 istis
649 398 745 437 locis
777 412 858 436 non
897 399 1018 436 modo
1056 397 1270 435 litterarum
1303 397 1372 434 sed
1404 410 1454 435 ne
1484 396 1650 434 rumoris

316 465 477 516 quidem
517 464 690 503 adfluxit.
753 465 822 502 Me
860 471 992 501 autem
1026 462 1104 500 iarn
1136 470 1174 501 et
1213 475 1319 500 mare
1350 461 1451 499 istuc
1482 469 1520 499 et
1552 469 1648 499 terra

316 530 497 568 sollicitat
532 543 662 579 neque
695 527 846 575 desino,
881 535 923 566 ut
954 528 996 565 fit
1027 527 1066 565 in
1097 540 1241 574 amore,
1279 540 1325 565 ea
1356 539 1457 576 quae
1488 525 1652 564 minime
1673 538 1690 569 5

317 597 408 634 volo
428 595 608 645 cogitare.
669 596 760 644 Qua
780 608 820 632 re
848 607 928 631 non
954 592 1141 642 equidem
1168 592 1246 630 iam
1273 599 1311 630 te
1338 605 1432 641 rogo
1452 599 1495 629 ut
1518 591 1569 629 ad
1590 604 1654 629 me

318 662 368 699 de
394 668 442 707 te,
475 662 525 699 de
555 660 672 698 rebus
702 659 784 697 istis
815 658 960 697 scribas
991 658 1227 708 (numquam
1256 655 1374 703 enim,
1406 669 1497 694 cum
1527 662 1652 705 potes,

319 724 622 776 praetermittis),
646 725 715 762 sed
744 725 820 761 hoc
847 730 885 761 te
913 722 1010 760 scire
1036 723 1139 768 volo,
1162 721 1260 758 nihil
1280 722 1359 758 fere
1380 733 1570 770 umquam
1592 733 1655 758 me

319 791 373 829 sic
396 797 642 840 exspectasse
663 796 716 836 ut,
739 802 830 826 cum
852 789 950 826 haec
971 785 1204 834 scribebam,
1227 792 1313 823 tuas
1333 784 1490 823 litteras.

275 863 300 890 2
374 856 492 893 Nunc
514 867 709 904 cognosce
730 866 775 891 ea
795 865 896 902 quae
923 859 1015 889 sunt
1039 850 1079 888 in
1099 864 1140 888 re
1164 849 1332 901 publica.
1393 848 1656 888 Comitiorum
1679 864 1717 887 10

320 919 464 958 cotidie
485 918 626 968 singuli
647 918 730 957 dies
751 919 941 955 tolluntur
969 914 1339 954 obnuntiationibus
1360 928 1503 964 magna
1521 915 1658 952 volun-

320 992 398 1023 tate
419 985 615 1022 bonorum
636 982 813 1021 omnium
833 996 842 1030 3
872 989 980 1020 tanta
1006 980 1153 1019 invidia
1179 987 1271 1018 sunt
1297 980 1479 1017 consules
1500 986 1659 1029 propter

321 1048 586 1099 suspicionem
606 1055 811 1098 pactorum
827 1060 850 1085 a
869 1045 1090 1085 candidatis
1110 1044 1385 1095 praemiorum.
1446 1042 1659 1083 Candidati

322 1115 546 1153 consulares
576 1120 760 1163 quattuor
786 1125 925 1150 omnes
952 1110 1016 1149 rei.
1077 1111 1231 1150 Causae
1255 1116 1347 1147 sunt
1372 1108 1560 1155 difficiles,
1589 1108 1659 1146 sed
1860 1096 1863 1147 i

323 1179 516 1218 enitemur
539 1185 581 1216 ut
610 1178 782 1216 Messala
810 1184 943 1214 noster
969 1176 1098 1214 salvus
1125 1174 1184 1222 sit,
1208 1175 1317 1224 quod
1343 1181 1402 1212 est
1422 1173 1540 1212 etiam
1567 1186 1659 1211 cum
1681 1188 1718 1219 15
1868 1160 1870 1165 ,

323 1244 561 1294 reliquorum
583 1244 706 1281 salute
734 1241 1000 1280 coniunctum.
1062 1239 1277 1279 Gabinium
1300 1240 1352 1277 de
1377 1238 1529 1277 ambitu
1550 1251 1660 1276 reum

325 1309 415 1348 fecit
438 1312 477 1347 P.
502 1310 609 1347 Sulla
629 1307 900 1347 subscribente
914 1306 1091 1357 privigno
1114 1305 1319 1352 Memmio,
1338 1306 1452 1342 fratre
1473 1303 1658 1350 Caecilio,
1857 1326 1860 1357 9

327 1376 433 1413 Sulla
454 1374 543 1412 filio.
604 1374 752 1413 Contra
777 1372 873 1411 dixit
901 1373 943 1410 L.
966 1373 1191 1421 Torquatus
1220 1370 1486 1420 omnibusque
1511 1368 1663 1408 libenti-

284 1448 307 1484 3
327 1440 401 1479 bus
431 1453 511 1478 non
533 1439 712 1477 obtinuit.
775 1437 941 1488 Quaeris
965 1437 1062 1487 quid
1082 1438 1149 1474 fiat
1169 1437 1220 1474 de
1242 1435 1423 1474 Gabinio.
1485 1434 1662 1473 Sciemus

327 1507 377 1544 de
398 1505 599 1543 maiestate
620 1504 760 1542 triduo.
821 1504 913 1552 Quo
941 1502 1103 1552 quidem
1127 1501 1167 1540 in
1194 1500 1340 1539 iudicio
1362 1500 1455 1539 odio
1475 1499 1663 1550 premitur
1684 1514 1723 1536 20

327 1571 504 1609 omnium
534 1583 733 1620 generum,
765 1568 935 1607 maxime
965 1567 1130 1606 testibus
1159 1566 1337 1613 laeditur,
1368 1564 1664 1604 accusatoribus

327 1636 583 1687 frigidissimis
617 1635 736 1674 utitur
753 1650 763 1683 ;
802 1634 1011 1673 consilium
1045 1633 1206 1681 varium,
1240 1632 1438 1683 quaesitor
1470 1631 1595 1682 gravis
1627 1637 1665 1669 et

327 1704 460 1741 firmus
492 1704 629 1750 Alfius,
664 1701 877 1751 Pompeius
908 1702 1122 1739 vehemens
1153 1699 1194 1737 in
1232 1698 1429 1737 iudicibus
1467 1697 1662 1748 rogandis.

329 1767 438 1816 Quid
465 1768 638 1805 futurum
666 1767 713 1805 sit
743 1766 902 1814 nescio,
942 1767 1075 1803 locum
1102 1772 1234 1803 tamen
1261 1763 1315 1801 illi
1340 1763 1379 1801 in
1404 1762 1559 1801 civitate
1583 1775 1665 1800 non

329 1829 455 1871 video.
515 1831 706 1869 Animum
738 1832 909 1882 praebeo
939 1831 991 1869 ad
1022 1829 1124 1868 illius
1155 1828 1370 1880 perniciem
1403 1828 1662 1876 moderatum,
1685 1843 1722 1875 25

331 1898 382 1935 ad
403 1910 531 1935 rerum
553 1903 738 1934 eventurn
759 1895 1015 1934 lenissimum.

287 1969 314 2006 4
388 1962 527 2000 Habes
566 1963 645 2000 fere
683 1962 734 2000 de
773 1960 959 1999 omnibus
997 1960 1124 1998 rebus.
1185 1961 1323 1999 Unum
1362 1958 1459 1997 illud
1497 1959 1666 1997 addam:

335 2026 475 2065 Cicero
496 2033 585 2064 tuus
606 2033 818 2076 nosterque
836 2038 993 2064 summo
1010 2024 1141 2064 studio
1162 2032 1219 2063 est
1241 2023 1390 2062 Paeoni
1410 2022 1469 2062 sui
1490 2023 1665 2070 rhetoris,

333 2091 515 2138 hominis,
553 2091 704 2141 opinor,
740 2092 855 2130 valde
893 2090 1092 2129 exercitati
1130 2097 1168 2129 et
1207 2089 1312 2128 boni.
1373 2089 1451 2127 Sed
1489 2095 1667 2126 nostrum

332 2155 561 2195 instituendi
595 2169 718 2206 genus
750 2169 834 2194 esse
868 2156 986 2205 paulo
1025 2154 1213 2193 eruditius
1245 2162 1283 2192 et
1317 2154 1542 2203 θετικώτεροι
1586 2166 1667 2191 non
1688 2167 1729 2198 30

333 2221 497 2271 ignoras.
558 2222 648 2270 Qua
675 2234 714 2259 re
749 2234 878 2270 neque
908 2234 981 2271 ego
1010 2218 1191 2270 impediri
1222 2217 1423 2258 Ciceronis
1450 2217 1521 2256 iter
1549 2224 1668 2267 atque

381 2333 417 2353 12
442 2324 475 2354 in
500 2329 593 2355 tanta
618 2323 801 2362 Nielander,
821 2324 858 2362 cs.
878 2323 961 2353 Boot
984 2322 1031 2352 ad
1045 2322 1114 2353 Att.
1136 2322 1166 2352 ii.
1186 2332 1216 2361 9.
1241 2331 1254 2351 1
1370 2321 1408 2350 18
1433 2320 1525 2361 Sulla
1549 2319 1668 2351 Mam:
1865 2338 1867 2359 l

335 2378 388 2397 -ac
408 2367 446 2396 M
552 2378 589 2407 19
617 2369 715 2407 ‘quid
734 2369 792 2397 fiet
811 2368 851 2397 de
870 2366 1053 2398 Gabinio?
1073 2366 1167 2396 JlIan.
1279 2374 1316 2394 21
1344 2364 1489 2394 laeditur
1505 2363 1667 2403 Madvig:
1865 2362 1868 2410 ἰ

335 2411 486 2440 caeditur
503 2409 544 2439 M
672 2412 714 2440 26
739 2421 849 2441 rerum
868 2410 928 2441 M:
952 2410 1095 2440 alterum
1115 2409 1176 2450 [vel
1191 2408 1326 2449 laetum)
1347 2407 1488 2447 Maclmg
1626 2406 1670 2437 28
1866 2434 1867 2439 ,

335 2464 463 2484 summe
482 2455 653 2484 studiosus
670 2459 719 2485 est
737 2454 815 2485 coni.
840 2453 1030 2493 Wcsenbcrg
1866 2442 1868 2486 l

1866 2490 1868 2532 l

1866 2533 1869 2557 l

1867 2568 1869 2585 l
