1871 2782
412 198 524 235 EPP.
556 198 634 234 AD
665 195 934 244 QVINTVM
966 193 1239 232 FRATREM
1438 192 1491 230 11.
1511 190 1541 227 ii

157 321 250 355 non,
281 315 324 346 ut
352 309 402 346 ad
432 315 470 346 te
499 308 618 354 soleo,
643 305 726 355 ipse
753 304 973 343 scriberem.
1034 305 1085 341 Et
1113 302 1283 353 primum
1314 314 1376 339 me
1417 299 1487 338 tibi

157 386 301 411 excuso
325 372 366 410 in
385 385 433 410 eo
454 372 539 422 ipso
566 371 606 408 in
633 383 712 420 quo
737 377 774 407 te
801 382 970 415 accuso,
1000 381 1063 406 me
1085 367 1190 405 enirn
1212 380 1331 405 nemo
1357 366 1487 404 adhuc

157 436 304 486 rogavit
344 450 440 474 num
483 435 580 485 quid
619 435 660 472 in
701 433 920 472 Sardiniam
961 434 1114 479 vellem,
1156 439 1194 469 te
1235 439 1332 480 puto
1372 442 1488 479 saepe

157 501 302 538 habere
334 500 401 550 qui
435 514 532 538 num
565 498 663 549 quid
693 500 865 536 Romam
898 496 992 535 velis
1026 503 1224 545 quaerant.
1286 495 1406 543 Quod
1437 494 1488 532 ad

118 577 136 608 5
158 578 221 602 me
255 564 414 603 Lentuli
445 572 484 602 et
523 563 623 602 Sesti
654 562 816 601 nomine
849 561 1046 611 scripsisti,
1078 562 1232 598 locutus
1272 572 1358 597 sum
1396 572 1487 597 cum

159 629 308 668 Cincio.
369 630 543 678 Quoquo
565 629 687 666 modo
708 640 767 665 res
789 640 830 664 se
852 626 982 673 habet,
1007 639 1087 663 non
1120 632 1177 662 est
1203 623 1395 669 facillima,
1419 623 1489 660 sed

157 695 278 732 habet
311 695 488 743 profecto
520 693 711 743 quiddam
746 690 925 730 Sardinia
959 689 1185 739 adpositum
1225 689 1276 726 ad
1315 688 1490 725 recorda-

158 757 307 796 tionem
328 757 557 807 praeteritae
577 756 800 795 memoriae.
859 756 963 793 Nam
985 762 1027 792 ut
1048 753 1111 791 ille
1134 753 1336 791 Gracchus
1355 764 1487 801 augur,

158 830 296 871 postea
319 836 438 871 quam
459 821 498 859 in
520 821 633 859 istam
664 819 906 871 provinciam
927 818 1044 865 venit,
1068 818 1294 856 recordatus
1315 822 1373 854 est
1394 814 1490 865 quid

97 901 137 924 10
158 885 231 924 sibi
274 885 314 923 in
352 899 494 935 campo
534 884 679 923 Martio
718 884 878 923 comitia
915 884 1124 922 consulum
1159 880 1320 920 habenti
1355 887 1490 919 contra

156 949 331 1000 auspicia
349 950 567 996 accidisset,
590 949 646 987 sic
667 956 708 986 tu
729 948 826 986 mihi
847 947 988 986 videris
1016 947 1056 984 in
1084 945 1263 985 Sardinia
1289 946 1340 984 de
1366 946 1491 983 forma

157 1014 393 1052 Numisiana
413 1023 451 1053 et
472 1016 522 1053 de
542 1013 772 1053 nominibus
790 1012 1074 1063 Pomponianis
1091 1011 1131 1049 in
1148 1011 1229 1049 otio
1242 1009 1486 1060 recogitasse.

158 1081 244 1129 Ego
264 1081 395 1118 adhuc
409 1079 488 1117 emi
509 1079 617 1117 nihil.
663 1077 866 1117 Culleonis
882 1077 1015 1115 auctio
1029 1078 1131 1114 facta
1146 1082 1214 1113 est.
1260 1076 1487 1112 Tusculano

157 1152 311 1193 emptor
331 1157 449 1182 nemo
469 1143 553 1181 fuit.
613 1142 654 1181 Si
680 1141 866 1181 condicio
894 1142 1008 1179 valde
1035 1141 1141 1179 bona
1167 1138 1292 1186 fuerit,
1315 1138 1486 1177 fortassis

99 1225 137 1256 15
157 1222 237 1246 non
259 1208 446 1247 amittam.

213 1275 275 1311 De
302 1272 579 1311 aedificatione
607 1278 676 1309 tua
710 1272 859 1320 Cyrum
894 1283 1030 1320 urgere
1064 1283 1146 1307 non
1180 1282 1303 1307 cesso.
1362 1269 1528 1318 Spero2

157 1351 247 1376 eum
286 1337 326 1375 in
365 1337 494 1375 officio
532 1338 625 1374 fore.
703 1336 782 1373 Sed
820 1335 954 1373 omnia
992 1342 1083 1373 sunt
1121 1333 1290 1372 tardiora
1328 1342 1486 1383 propter

156 1401 324 1440 furiosae
351 1401 561 1440 aedilitatis
589 1400 925 1451 exspectationem
940 1414 950 1448 3
979 1413 1071 1438 nam
1092 1398 1252 1438 comitia
1272 1398 1356 1436 sine
1377 1411 1486 1436 mora

157 1467 285 1504 futura
321 1466 526 1514 videntur,
574 1465 704 1504 edicta
724 1473 814 1503 sunt
852 1467 892 1503 in
931 1479 962 1503 a.
990 1465 1027 1503 d.
1069 1476 1113 1502 XI
1154 1465 1204 1502 K.
1246 1464 1358 1501 Febr.
1427 1464 1485 1501 Te

97 1547 139 1570 20
158 1539 290 1569 tamen
319 1530 530 1569 sollicitum
560 1544 645 1569 esse
674 1532 769 1569 nolo
783 1544 793 1578 3
824 1543 943 1568 omne
966 1543 1089 1580 genus
1110 1543 1133 1567 a
1152 1527 1267 1567 nobis
1292 1527 1484 1566 cautionis

155 1595 417 1634 adhibebitur.

211 1661 274 1698 De
293 1673 381 1710 rege
400 1660 669 1699 Alexandrino
698 1661 845 1698 factum
876 1668 933 1699 est
962 1667 1120 1699 senatus
1147 1659 1370 1698 consultum
1393 1670 1481 1696 cum
1503 1668 1526 1705 3

156 1724 408 1763 multitudine
441 1739 532 1763 eum
564 1725 699 1763 reduci
733 1725 997 1775 periculosum
1036 1724 1090 1762 rei
1128 1722 1309 1774 publicae
1347 1720 1480 1760 videri.

158 1788 328 1838 Reliqua
366 1802 458 1827 cum
499 1797 601 1828 esset
641 1789 681 1828 in
725 1797 863 1827 senatu
906 1788 1109 1827 contentio
1148 1788 1391 1826 Lentulusne
1432 1799 1483 1823 an

100 1865 139 1898 25
158 1852 369 1903 Pompeius
390 1855 604 1900 reduceret,
627 1853 804 1891 obtinere
827 1866 985 1891 causam
1001 1853 1192 1890 Lentulus
1208 1851 1413 1889 videbatur
1427 1850 1483 1900 (in

157 1930 203 1954 ea
233 1930 273 1955 re
306 1931 379 1955 nos
413 1925 451 1955 et
487 1918 618 1956 officio
657 1931 747 1967 erga
778 1919 991 1955 Lentulum
1026 1916 1188 1954 mirifice
1221 1923 1260 1953 et
1292 1915 1484 1953 voluntati

158 1981 323 2031 Pompei
364 1984 561 2031 praeclare
604 1982 695 2020 satis
741 1981 934 2032 fecimus),
975 1981 1045 2019 sed
1087 1994 1157 2031 per
1200 1981 1483 2018 obtrectatores

158 2046 314 2084 Lentuli
335 2046 531 2084 calumnia
550 2054 720 2084 extracta
741 2053 808 2085 est.
870 2045 1084 2085 Consecuti
1111 2052 1202 2083 sunt
1230 2044 1314 2083 dies
1334 2043 1484 2082 comiti-

155 2112 245 2158 ales,
268 2124 338 2160 per
367 2125 466 2161 quos
496 2118 653 2149 senatus
683 2110 819 2149 haberi
848 2123 929 2148 non
958 2117 1119 2161 poterat.
1180 2109 1289 2157 Quid
1308 2110 1483 2146 futurum

200 2238 220 2267 3
236 2228 358 2259 vellem
373 2227 573 2258 Cratander:
598 2228 697 2258 velim
713 2227 754 2257 Μ
839 2237 858 2266 5
883 2237 935 2257 me
950 2227 991 2256 de
1005 2225 1138 2256 Lentuli
1153 2225 1248 2256 Man.
1345 2236 1384 2256 10
1407 2235 1484 2255 con-

157 2272 265 2302 sulum
283 2271 420 2302 habenti
441 2271 514 2302 Vict.
534 2282 541 2301 t
570 2270 762 2301 consulibus
784 2270 984 2300 habentibus
1005 2269 1046 2299 M
1179 2279 1215 2306 14
1239 2269 1394 2299 fortassis
1411 2269 1484 2298 MR

157 2326 242 2354 quae
256 2315 495 2354 tamensorma
510 2315 605 2354 apud
623 2314 683 2345 Cic.
703 2318 749 2344 est
762 2313 861 2343 dubia
876 2325 883 2344 :
916 2314 1058 2343 sortasse
1075 2312 1096 2342 I
1113 2311 1300 2351 {Vesenberg
1445 2322 1482 2350 15

156 2358 306 2389 omittam
323 2359 411 2398 vulg.
551 2368 589 2396 19
614 2358 647 2387 in
665 2357 740 2388 add.
766 2356 952 2396 lVesertbm'g
1067 2365 1108 2394 25
1131 2356 1316 2386 videbatur.
1360 2354 1398 2385 In
1416 2379 1423 2386 .
1444 2379 1450 2386 .
1471 2379 1479 2386 .

157 2402 310 2439 fecimus,
333 2402 393 2431 sed
411 2426 418 2433 .
436 2425 444 2433 .
466 2425 474 2432 .
496 2406 647 2431 extracta
671 2411 726 2431 res
750 2405 802 2431 est
824 2399 1012 2439 li'esenbetg
1028 2398 1141 2429 Baiter
1169 2398 1225 2429 sed
1245 2398 1282 2438 cs.
1308 2397 1482 2429 Lehmann

161 2445 314 2485 ‘Quaest.
341 2444 505 2484 Tull.'pp.
529 2455 599 2485 121,
623 2453 683 2474 122

1359 2495 1397 2526 3*
