1871 2782
440 203 550 239 EPP.
583 202 661 239 AD
691 201 959 250 QVINTVM
991 203 1265 240 FRATREM
1465 201 1528 239 I.i

187 319 348 350 eatenus
383 313 516 362 quoad
554 325 622 362 per
659 325 700 350 se
738 313 959 362 neglegeret
994 326 1058 351 eas
1092 315 1196 363 leges
1235 313 1378 364 quibus
1417 320 1518 352 esset

186 377 376 424 astrictus,
419 391 499 415 non
544 385 586 415 ut
629 390 676 415 ea
714 385 909 427 potestate
948 391 1066 428 quam
1110 385 1151 416 tu
1191 380 1242 417 ad
1286 378 1517 428 dignitatem

189 441 430 491 permisisses
450 442 502 480 ad
528 449 734 491 quaestum
762 449 944 480 uteretur.
1004 443 1146 492 Neque
1168 442 1273 481 enim
1301 442 1397 480 mihi
1425 456 1518 481 sane

187 507 326 556 placet,
360 505 586 556 praesertim
620 519 711 544 cum
745 505 786 543 hi
821 519 948 544 mores
980 513 1132 544 tantum
1165 506 1242 544 iam
1273 508 1325 545 ad
1356 506 1518 545 nimiam

152 585 168 615 5
188 570 389 609 lenitatem
414 578 453 609 et
481 572 532 609 ad
557 570 817 609 ambitionem
846 570 1106 618 incubuerint,
1137 571 1297 609 scrutari
1324 579 1361 610 te
1389 572 1517 610 omnis

190 635 326 682 sordis,
356 642 536 673 excutere
565 648 689 672 unum
716 648 915 685 quemque
943 649 1089 682 eorum,
1123 636 1194 674 sed
1224 644 1370 685 quanta
1400 636 1448 674 sit
1469 636 1517 675 in

189 714 349 750 quoque
370 701 467 739 fides
492 708 645 738 tantum
672 700 814 750 cuique
840 700 1095 739 committere.
1155 703 1288 750 Atque
1318 700 1417 739 inter
1447 701 1519 743 hos

191 778 270 811 eos,
294 778 393 815 quos
423 764 494 803 tibi
523 764 688 803 comites
718 772 756 803 et
784 765 982 803 adiutores
1002 765 1249 815 negotiorum
1270 765 1518 815 publicorum

190 829 299 867 dedit
325 829 408 879 ipsa
428 843 487 867 res
512 829 681 879 publica,
710 831 913 868 dumtaxat
940 830 1084 868 finibus
1112 830 1157 867 iis
1184 829 1399 880 praestabis
1421 843 1520 880 quos

131 906 169 929 10
189 901 280 932 ante
300 894 530 944 praescripsi
545 909 554 941 3
584 907 683 944 quos
704 908 795 933 vero
810 902 877 932 aut
894 908 939 933 ex
956 894 1183 933 domesticis
1203 894 1518 933 convictionibus
1538 869 1578 950 ᾗ,

189 965 256 996 aut
291 971 337 996 ex
371 959 599 997 necessariis
632 959 942 1009 apparitionibus
973 966 1104 997 tecum
1138 972 1223 997 esse
1254 959 1420 1005 voluisti,
1454 959 1521 1009 qui

190 1022 301 1072 quasi
321 1036 368 1061 ex
388 1025 550 1062 cohorte
570 1023 756 1074 praetoris
776 1024 962 1074 appellari
983 1026 1120 1071 solent,
1136 1025 1276 1063 horum
1298 1037 1378 1062 non
1400 1025 1521 1062 modo

190 1088 292 1125 facta
323 1089 393 1126 sed
422 1088 539 1126 etiam
569 1088 675 1126 dicta
704 1088 837 1127 onmia
870 1089 1104 1138 praestanda
1136 1088 1252 1127 nobis
1282 1095 1382 1126 sunt.
1443 1089 1521 1126 Sed

191 1153 314 1191 habes
341 1166 408 1191 eos
432 1160 573 1199 tecum:
599 1166 698 1202 quos
722 1152 848 1201 possis
877 1160 981 1190 recte
1009 1152 1184 1190 facientis
1210 1152 1321 1190 facile
1348 1152 1518 1202 diligere,

134 1227 170 1259 15
193 1216 322 1254 minus
367 1216 608 1254 consulentis
651 1215 928 1254 existimationi
966 1223 1055 1254 tuae
1098 1216 1280 1255 facillime
1328 1229 1517 1254 coercere.

191 1283 228 1319 A
249 1281 402 1331 quibus,
434 1281 541 1319 rudis
571 1294 663 1318 cum
693 1294 809 1328 esses,
832 1280 986 1319 videtur
1014 1281 1188 1331 potuisse
1218 1288 1284 1319 tua
1312 1280 1522 1319 liberalitas

191 1345 345 1395 decipi3
373 1358 466 1382 nam
490 1352 533 1382 ut
553 1344 720 1394 quisque
745 1352 802 1383 est
823 1344 879 1383 vir
902 1344 1084 1395 optimus,
1108 1345 1160 1383 ita
1184 1345 1411 1385 difficillime
1438 1359 1523 1384 esse

191 1410 287 1448 alios
326 1409 527 1460 improbos
566 1409 807 1460 suspicatur;
849 1424 955 1448 nunc
993 1424 1085 1449 vero
1123 1410 1257 1449 tertius
1296 1411 1359 1449 hic
1396 1424 1522 1449 annus

192 1476 336 1514 habeat
374 1474 634 1525 integritatem
673 1476 842 1514 eandem
881 1489 1001 1525 quam
1040 1476 1267 1525 superiores,
1309 1476 1521 1515 cautiorem

134 1555 175 1578 20
193 1540 311 1579 etiam
339 1553 385 1578 ac
411 1539 708 1590 diligentiorem.
769 1540 855 1579 Sint
881 1554 992 1579 aures
1023 1548 1112 1579 tuae
1136 1554 1198 1579 me
1218 1554 1318 1591 quae
1346 1541 1385 1580 id
1414 1542 1522 1591 quod
1545 1554 1582 1584 ¹3

192 1604 359 1644 audiunt
385 1604 654 1643 existimentur
677 1604 822 1652 audire,
851 1619 932 1643 non
962 1605 1001 1642 in
1029 1618 1124 1655 quas
1156 1606 1245 1644 ficte
1274 1613 1312 1644 et
1341 1605 1521 1644 simulate

194 1678 379 1720 quaestus
408 1683 527 1708 causa
554 1669 824 1708 insusurretur.
884 1669 940 1708 Sit
969 1671 1108 1708 anulus
1142 1677 1231 1708 tuus
1265 1684 1345 1709 non
1379 1678 1421 1708 ut
1455 1684 1521 1708 vas

193 1735 354 1785 aliquod
380 1736 450 1773 sed
470 1742 672 1785 tamquam
703 1734 786 1784 ipse
815 1742 868 1782 tu,
900 1749 981 1774 non
1011 1734 1186 1774 minister
1214 1735 1364 1774 alienae
1388 1737 1522 1773 volun-

194 1799 283 1838 tatis
314 1800 384 1837 sed
415 1799 523 1837 testis
555 1807 654 1838 tuae.
714 1801 918 1838 Accensus
957 1799 1005 1837 sit
1037 1813 1084 1838 eo
1115 1814 1279 1838 numero
1318 1813 1397 1850 quo
1431 1813 1521 1838 eum

136 1878 174 1910 25
196 1864 362 1903 maiores
385 1864 507 1902 nostri
528 1878 613 1902 esse
637 1866 853 1911 voluerunt,
877 1864 944 1914 qui
964 1865 1040 1902 hoc
1064 1878 1144 1902 non
1171 1864 1210 1902 in
1240 1864 1407 1903 benefici
1433 1866 1522 1903 loco

195 1931 266 1968 sed
304 1929 343 1967 in
382 1929 525 1967 laboris
564 1943 609 1967 ac
648 1929 819 1968 muneris
859 1943 939 1967 non
979 1937 1123 1967 temere
1157 1929 1230 1966 nisi
1265 1929 1410 1967 libertis
1443 1929 1520 1967 suis

195 1995 434 2040 deferebant,
468 1993 611 2042 quibus
642 1993 696 2031 illi
728 1993 888 2043 quidem
922 2007 1003 2032 non
1035 1995 1158 2031 multo
1188 2006 1299 2031 secus
1328 2007 1374 2031 ac
1403 1993 1521 2032 servis

196 2058 451 2108 imperabant.
511 2058 568 2096 Sit
608 2058 720 2096 lictor
759 2072 839 2097 non
879 2072 972 2097 suae
1012 2059 1081 2096 sed
1120 2066 1209 2096 tuae
1248 2058 1417 2096 lenitatis
1458 2071 1522 2108 ap-

198 2123 351 2174 paritor,
384 2122 609 2172 maioraque
643 2125 859 2173 praeferant
897 2125 1020 2161 fasces
1051 2123 1104 2161 illi
1133 2137 1179 2161 ac
1213 2136 1367 2161 secures
1400 2122 1523 2172 dignia

140 2201 183 2232 30
199 2187 287 2226 tatis
307 2187 472 2237 insignia
492 2200 609 2236 quam
631 2188 843 2237 potestatis.
901 2187 993 2225 Toti
1022 2187 1192 2237 denique
1222 2183 1270 2226 sit
1298 2186 1520 2238 provinciae

241 2300 260 2329 5
284 2290 454 2321 levitatem
475 2289 658 2321 Cratandcr
816 2301 833 2329 7
858 2291 945 2321 inter
963 2301 1021 2320 nos
1041 2291 1208 2330 [super-scr.
1228 2291 1269 2321 al.
1291 2290 1366 2320 hosi
1387 2290 1446 2320 M:
1471 2290 1520 2320 in-

197 2339 301 2364 terest
319 2334 382 2363 hoc
401 2333 558 2374 Madvig:
587 2334 779 2364 internosce
799 2334 970 2364 Lehmann
1111 2345 1152 2363 20
1176 2344 1236 2363 eae
1256 2338 1330 2374 post
1346 2338 1421 2363 tuae
1438 2333 1515 2365 add.

199 2377 321 2406 Mt'c'llfr
421 2386 459 2406 21
487 2377 563 2407 ficta
579 2382 613 2407 et
630 2377 783 2407 simulata
800 2387 832 2415 q.
854 2387 881 2407 c.
907 2377 1161 2407 insusurrentur
1177 2377 1260 2407 Boot
1376 2378 1417 2406 28
1441 2387 1520 2406 suae

198 2419 357 2450 saevitiae
385 2419 443 2449 sed
473 2419 631 2451 Vrsinus:
670 2430 750 2451 suae
776 2420 962 2450 sedulitatis
986 2420 1046 2450 sed
1071 2419 1266 2451 Lelmnum:
1306 2430 1386 2450 suae
1411 2425 1522 2451 sector

198 2463 259 2493 sed
277 2463 355 2493 coni.
380 2462 502 2502 Tyrrell
