1871 2782
293 181 321 217 I.
341 179 386 216 vi
706 177 761 214 M.
794 176 964 213 TVLLI
995 174 1303 214 CICERONIS

338 290 452 327 valde
474 301 568 338 rogo
589 286 698 338 (nam
721 286 923 325 Achilleus
945 293 1076 325 noster
1105 300 1186 324 non
1207 285 1338 325 minus
1360 298 1478 335 quam
1499 298 1670 335 aequum

340 360 398 391 est
419 350 586 403 laborat)
607 351 745 402 eripias
767 365 858 390 eum
879 365 926 390 ex
941 351 1122 390 custodia
1137 364 1436 400 conservesque.
1488 352 1581 388 Hoc
1598 363 1671 399 ego

338 418 389 455 ad
425 430 557 455 meum
589 416 763 455 officium
797 416 1033 466 privatarum
1067 429 1196 454 rerum
1229 429 1356 465 aeque
1394 422 1512 465 atque
1550 416 1670 452 ullam

339 481 455 520 aliam
476 495 558 520 rem
579 481 772 531 pertinere
792 480 967 519 arbitror.

298 553 322 590 3
396 548 499 586 Cum
547 548 617 585 has
663 548 714 586 ad
763 554 801 585 te
841 546 1050 584 scriberem
1092 545 1248 593 litteras,
1291 559 1314 584 a
1357 543 1493 591 Satrio,
1543 545 1671 593 legato
1692 555 1709 586 5

342 612 386 651 C.
418 611 605 659 Treboni,
629 611 782 650 reddita
811 619 868 649 est
898 611 1065 661 epistula
1094 610 1191 648 mihi
1221 624 1244 648 a
1267 610 1387 648 Tillio
1413 617 1451 647 et
1484 608 1672 647 Deiotaro

342 677 592 716 Dolabellam
622 690 781 715 caesum
811 678 1069 726 fugatumque
1096 689 1190 714 esse.
1251 676 1443 713 Graecam
1465 673 1672 724 epistulam

341 741 411 780 tibi
433 741 520 780 misi
542 741 708 781 Cicereii
728 741 934 779 cuiusdam
954 742 1005 779 ad
1026 740 1195 778 Satrium
1216 739 1387 778 missam.

295 814 322 851 4
396 806 551 845 Flavius
610 814 743 845 noster
800 807 850 844 de
905 805 1168 844 controversia
1226 818 1347 854 quam
1405 804 1524 843 habet
1582 818 1673 843 cum

341 870 623 920 Dyrrhachinis
658 870 933 909 hereditariam
965 870 1131 920 sumpsit
1161 878 1199 908 te
1232 869 1416 908 iudicem.
1477 871 1592 919 Rogo
1622 877 1670 916 te,
1695 885 1734 908 10

339 936 492 983 Cicero,
534 944 572 975 et
615 936 771 974 Flavius
814 943 922 985 rogat
977 949 1059 974 rem
1098 934 1295 973 conficias.
1374 934 1482 984 Quin
1523 934 1559 973 ei
1606 934 1673 984 qui

339 1000 518 1039 Flavium
552 1000 645 1039 fecit
679 1002 867 1039 heredem
896 1000 1109 1050 pecuniam
1135 999 1315 1039 debuerit
1340 999 1475 1038 civitas
1504 1013 1585 1037 non
1616 1005 1673 1038 est

338 1065 504 1104 nubium
520 1081 530 1113 3
559 1079 689 1116 neque
725 1065 987 1115 Dyrrhachini
1020 1065 1237 1103 infitiantur
1271 1065 1340 1102 sed
1372 1064 1446 1103 sibi
1481 1066 1672 1104 donatum

338 1143 403 1168 aes
424 1129 598 1168 alienum
619 1144 642 1168 a
662 1131 831 1169 Caesare
852 1129 999 1168 dicunt.
1060 1130 1153 1167 Noli
1178 1128 1258 1179 pati
1288 1143 1311 1167 a
1339 1129 1567 1167 necessariis
1597 1130 1673 1167 tuis

338 1194 560 1234 necessario
580 1208 670 1233 meo
691 1194 871 1233 iniuriam
893 1194 985 1233 fieri.
1045 1207 1140 1233 XIIII
1166 1197 1214 1234 K.
1240 1193 1374 1233 Iunias
1395 1208 1442 1233 ex
1461 1193 1595 1233 castris
1621 1195 1673 1233 ad
1698 1207 1732 1239 15

336 1260 460 1299 imam
482 1259 737 1300 Candaviam.

381 1393 474 1428 VII
600 1396 669 1428 Ser.
689 1397 722 1427 in
740 1398 852 1428 castris
867 1397 934 1428 circ.
955 1397 989 1427 z'x
1003 1397 1045 1428 K.
1069 1396 1180 1436 Quint.
1201 1408 1229 1428 α.
1252 1407 1306 1437 711
1325 1398 1408 1438 (45).

723 1474 906 1505 BRVTVS
932 1474 1156 1506 CICERONI
1183 1474 1280 1505 SAL.

304 1567 320 1593 1
394 1552 437 1590 L.
472 1550 637 1589 Bibulus
669 1564 788 1601 quam
823 1565 934 1590 carus
965 1550 1060 1589 mihi
1092 1564 1177 1589 esse
1207 1551 1360 1598 debeat,
1384 1564 1503 1590 nemo
1533 1551 1672 1590 melius

338 1615 511 1655 iudicare
539 1624 669 1667 potest
701 1630 820 1665 quam
853 1623 894 1654 tu
926 1616 1037 1654 cuius
1067 1623 1198 1654 tantae
1229 1629 1299 1665 pro
1331 1629 1370 1653 re
1397 1616 1556 1665 publica
1582 1631 1672 1655 con·
1694 1633 1734 1656 20

338 1680 534 1719 tentiones
555 1680 920 1731 sollicitudinesque
941 1682 1108 1719 fuerunt.
1168 1682 1309 1730 Itaque
1329 1682 1390 1719 vel
1411 1680 1531 1731 ipsius
1552 1682 1672 1721 virtus

337 1748 398 1785 vel
419 1755 552 1785 nostra
571 1748 823 1787 necessitudo
844 1749 964 1787 debet
991 1747 1200 1787 conciliare
1229 1756 1268 1786 te
1297 1748 1363 1786 illi.
1422 1749 1514 1797 Quo
1542 1748 1671 1787 minus

339 1813 461 1850 multa
500 1812 596 1850 mihi
636 1813 845 1851 scribenda
883 1827 968 1851 esse
1006 1812 1180 1851 arbitror.
1259 1814 1454 1851 Voluntas
1493 1812 1598 1851 enim
1634 1821 1672 1852 te

337 1890 496 1915 movere
534 1878 654 1916 debet
693 1885 836 1925 nostra,
870 1877 901 1915 si
941 1879 1063 1916 modo
1101 1877 1203 1916 iusta
1241 1885 1299 1916 est
1335 1885 1403 1916 aut
1441 1891 1511 1928 pro
1541 1878 1671 1917 officio

338 1942 559 1982 necessario
590 1942 809 1992 suscipitur.
874 1944 914 1980 Is
947 1944 1098 1981 Pansae
1129 1944 1262 1981 locum
1291 1950 1424 1992 petere
1455 1942 1668 1981 constituit.
1692 1953 1731 1986 25

337 2008 440 2044 Eam
460 2007 774 2046 nominationem
794 2021 817 2045 a
833 2015 871 2045 te
892 2007 1073 2056 petimus.
1134 2009 1276 2057 Neque
1297 2007 1557 2046 coniunctiori
1578 2009 1671 2048 dare

339 2071 576 2110 beneficium
609 2086 728 2123 quam
762 2086 835 2110 nos
871 2072 942 2110 tibi
973 2086 1109 2110 sumus
1139 2086 1269 2122 neque
1299 2072 1517 2122 digniorem
1547 2073 1671 2111 nomi-

295 2151 319 2178 2
337 2150 430 2175 nare
460 2144 572 2187 potes
602 2151 720 2187 quam
753 2137 952 2176 Bibulum.
1013 2139 1075 2175 De
1110 2137 1287 2176 Domitio
1312 2146 1349 2176 et
1376 2138 1546 2187 Apuleio
1574 2138 1670 2187 quid

337 2202 475 2241 attinet
505 2216 568 2240 me
598 2202 777 2249 scribere,
803 2216 893 2240 cum
918 2202 991 2252 ipsi
1020 2216 1089 2252 per
1118 2216 1159 2240 se
1193 2202 1264 2240 tibi
1289 2202 1668 2242 commendatissimi

337 2266 444 2305 sint?
499 2267 713 2317 Apuleium
745 2281 837 2306 vero
875 2275 916 2305 tu
952 2274 1018 2305 tua
1050 2266 1281 2305 auctoritate
1312 2267 1503 2306 svstinere
1532 2269 1665 2307 debes.
1687 2279 1731 2310 30

381 2371 401 2399 8
425 2370 567 2400 Cicereii
585 2371 632 2409 M,
650 2382 770 2401 nomen
795 2375 910 2400 notum
929 2371 965 2410 cs.
988 2370 1275 2410 Pctztlir-ll'z'ssowa
1293 2371 1336 2402 iii.
1358 2380 1440 2410 2537
1457 2383 1464 2402 t
1499 2371 1666 2410 Cycherei

338 2414 409 2442 14²¹:
447 2414 634 2452 Cychcraei
655 2414 741 2445 Crat.
762 2426 768 2445 :
805 2415 974 2453 Cychraei
995 2414 1115 2444 Gurlz'tt
1258 2424 1294 2452 15
1320 2425 1395 2444 x1111
1416 2414 1488 2447 ΜΗ
1526 2425 1597 2445 xvir
1616 2415 1669 2445 Μ2

337 2467 379 2495 25
406 2457 438 2487 Is
454 2457 535 2486 PA2¹
556 2458 643 2488 Crat.
670 2458 767 2497 (fort.
781 2457 879 2500 =Ls)
897 2470 904 2489 τ
927 2458 960 2488 in
981 2458 1038 2489 M:
1064 2458 1097 2488 Is
1113 2459 1147 2487 in
1168 2456 1358 2498 llr’esenbmg
