1871 2782
441 183 551 219 EPP.
585 182 661 219 AD
693 181 959 229 QVINTVM
993 181 1265 218 FRATREM
1471 171 1582 218 '1111

190 292 230 329 in
261 291 415 330 Laterio
445 292 508 330 fui.
567 292 683 329 Viam
714 290 914 341 perspexi;
954 304 1056 340 quae
1087 291 1181 329 mihi
1212 291 1264 330 ita
1294 290 1439 342 placuit
1473 299 1514 329 ut

190 370 289 406 opus
317 357 519 406 publicum
539 356 733 395 videretur
757 369 854 403 esse,
877 363 1027 404 praeter
1048 367 1097 393 CL
1122 370 1258 405 passus
1280 356 1383 408 (sum
1409 356 1514 395 enim

191 421 273 470 ipse
294 421 468 471 mensus)
490 422 540 459 ab
561 434 608 459 eo
636 420 849 470 ponticulo,
873 419 940 469 qui
968 427 1025 458 est
1050 421 1101 458 ad
1124 421 1300 468 Furinae,
1323 420 1515 460 Satricum

190 499 333 523 versus.
394 487 453 523 Eo
481 487 568 523 loco
597 485 722 534 pulvis
751 498 830 522 non
861 485 988 534 glarea
1019 483 1160 523 iniecta
1188 493 1245 523 est
1271 485 1325 536 (et
1353 486 1518 525 mutabi-

154 557 171 587 5
191 550 279 596 tur),
303 557 340 588 et
368 564 413 588 ea
436 550 520 588 viae
546 563 633 599 pars
662 550 775 587 valde
802 548 959 587 acclivis
990 555 1071 596 est3
1111 550 1179 587 sed
1210 549 1380 588 intellexi
1408 551 1518 589 aliter

191 615 282 653 duci
307 629 387 652 non
414 614 598 664 potuisse,
621 613 847 664 praesertim
879 627 970 651 cum
997 620 1038 651 tu
1066 627 1195 663 neque
1225 627 1293 663 per
1321 617 1517 654 Lucustae

191 693 320 728 neque
332 686 408 728 per
424 678 610 717 Varronis
637 680 755 716 velles
782 679 936 716 ducere.
997 678 1258 719 †Velvinum†
1281 686 1372 717 ante
1402 693 1516 717 suum

190 745 358 782 fundum
396 745 519 794 probe
557 743 773 792 munierat3
814 745 987 781 Lucusta
1021 757 1100 781 non
1135 743 1321 793 attigerat.
1387 745 1517 793 Quem

191 822 264 858 ego
290 811 443 847 Romae
472 808 675 858 adgrediar
704 816 751 855 et,
775 816 817 846 ut
846 808 1022 855 arbitror,
1043 809 1306 846 commovebo
1336 816 1373 847 et
1403 809 1519 847 simul

133 886 172 909 10
194 875 249 910 M.
273 875 461 921 Taurum,
483 887 601 923 quem
631 873 702 911 tibi
731 873 850 911 audio
880 873 1116 923 promisisse,
1138 872 1205 923 qui
1232 887 1337 912 nunc
1367 876 1519 913 Romae

192 945 282 986 erat,
306 939 356 976 de
376 951 478 987 aqua
504 952 571 988 per
596 939 764 975 fundum
789 937 870 976 eius
898 939 1082 976 ducenda
1105 938 1262 987 rogabo.
1323 938 1520 989 Nicepho-
1541 953 1557 984 5

192 1017 291 1051 rum,
311 1003 469 1041 vilicum
497 1011 622 1051 tuum,
643 1017 737 1042 sane
762 1003 923 1054 probavi
945 1002 1198 1053 quaesivique
1224 1017 1271 1042 ex
1297 1017 1345 1042 eo
1375 1003 1518 1053 ecquid

191 1068 226 1106 ei
256 1069 306 1106 de
335 1068 399 1106 illa
427 1068 769 1107 aedificatiuncula
790 1068 918 1106 Lateri
942 1069 992 1106 de
1022 1081 1100 1117 qua
1123 1081 1280 1106 mecum
1304 1069 1457 1106 locutus
1478 1082 1519 1107 es

193 1133 469 1171 mandavisses.
530 1135 634 1171 Tum
655 1133 687 1171 is
707 1133 803 1170 mihi
830 1132 1032 1182 respondit
1059 1146 1099 1170 se
1126 1132 1254 1182 ipsum
1283 1132 1364 1171 eius
1392 1133 1519 1184 operis

134 1209 171 1240 15
194 1201 263 1237 HS
286 1201 360 1236 ΞΠ
384 1200 667 1237 conductorem
694 1198 813 1236 fuisse
841 1199 911 1235 sed
939 1205 977 1235 te
1003 1205 1141 1247 postea
1172 1199 1294 1235 multa
1320 1198 1520 1237 addidisse

191 1265 241 1302 ad
271 1277 384 1313 opus,
413 1263 510 1300 nihil
538 1264 589 1300 ad
622 1262 815 1312 pretiu1n3
858 1261 989 1312 itaque
1020 1261 1062 1300 id
1093 1275 1134 1305 se
1166 1262 1353 1301 omisisse.
1419 1263 1521 1301 Mihi

192 1343 255 1366 me
284 1329 442 1366 hercule
481 1328 595 1365 valde
637 1329 765 1377 placet
802 1333 841 1365 te
879 1326 944 1365 illa
981 1334 1025 1365 ut
1063 1327 1319 1365 constitueras
1350 1328 1522 1375 addere;

192 1406 432 1443 quamquam
464 1406 511 1430 ca
537 1391 641 1439 villa,
672 1405 773 1441 quae
803 1405 910 1430 nunc
942 1398 1013 1439 est,
1047 1399 1249 1441 tamquam
1285 1392 1520 1442 philosopha

191 1458 344 1496 videtur
382 1471 467 1495 esse
505 1470 606 1506 quae
640 1456 819 1506 obiurget
852 1464 1069 1495 ceterarum
1102 1457 1280 1494 villarum
1315 1456 1517 1495 insaniam.

133 1533 172 1556 20
191 1525 339 1562 Verum
356 1530 488 1560 tamen
504 1522 600 1560 illud
619 1521 800 1560 additum
816 1522 1038 1560 delectabit.
1089 1521 1319 1572 Topiarium
1340 1522 1496 1561 laudavi
1513 1538 1521 1569 ;

191 1588 244 1626 ita
273 1587 406 1625 omnia
435 1585 666 1625 convestivit
697 1588 855 1633 hedera,
882 1600 960 1636 qua
994 1586 1120 1625 basim
1150 1586 1275 1635 villae,
1303 1601 1380 1637 qua
1408 1587 1521 1626 inter-

191 1652 391 1691 columnia
428 1650 718 1698 ambulationis,
752 1658 795 1689 ut
829 1651 1002 1701 denique
1040 1651 1094 1689 illi
1134 1651 1281 1701 palliati
1317 1651 1520 1702 topiariam

191 1720 316 1756 facere
336 1717 541 1755 videantur
561 1724 599 1754 et
619 1717 807 1754 hederam
826 1717 1006 1754 vendere.
1069 1718 1154 1754 Iam
1177 1717 1404 1768 ἀποδυτηρίῳ
1426 1716 1521 1754 nihil

190 1783 318 1830 alsius,
341 1782 439 1820 nihil
460 1781 690 1820 muscosius.
751 1782 890 1819 Habes
916 1783 994 1819 fere
1015 1782 1065 1819 de
1086 1782 1201 1819 rebus
1230 1781 1390 1819 rusticis.
1452 1783 1522 1818 Vr—
1541 1793 1560 1824 6

132 1860 170 1892 25
190 1848 334 1885 banam
373 1846 653 1897 expolitionem
690 1854 800 1896 urget
838 1846 905 1883 ille'
937 1846 1099 1895 quidem
1135 1853 1172 1884 et
1215 1846 1448 1884 Philotimus
1483 1854 1520 1884 et

192 1911 352 1951 Cincius
392 1913 461 1950 sed
500 1911 617 1949 etiarn
651 1910 735 1960 ipse
769 1910 905 1948 crebro
940 1910 1136 1956 interviso,
1171 1911 1278 1959 quod
1315 1918 1373 1949 est
1408 1910 1521 1949 facile

190 1979 305 2015 factu.
367 1978 498 2024 Quam
526 1977 579 2013 ob
599 1989 681 2013 rem
708 1989 754 2013 ea
780 1983 817 2013 te
844 1989 936 2012 cura
963 1975 1171 2013 liberatum
1200 1976 1300 2014 volo.

247 2044 307 2079 De
339 2041 531 2080 Cicerone
566 2042 673 2090 quod
708 2054 771 2078 me
801 2053 954 2090 semper
984 2054 1108 2090 rogas,
1140 2040 1301 2090 ignosco
1334 2041 1519 2090 equidem

191 2106 262 2144 tibi
292 2108 361 2145 sed
391 2114 432 2144 tu
462 2120 622 2156 quoque
651 2105 748 2143 mihi
777 2105 893 2143 velim
921 2105 1110 2155 ignoscas.
1172 2107 1266 2144 Non
1294 2106 1399 2144 enim
1430 2120 1521 2145 con-

133 2188 172 2218 30
192 2173 292 2210 cedo
330 2171 401 2209 tibi
439 2173 526 2221 plus
564 2178 606 2209 ut
644 2170 753 2208 illum
792 2184 899 2209 ames
938 2185 1057 2220 quam
1096 2171 1178 2221 ipse
1217 2184 1317 2209 amo.
1389 2173 1521 2221 Atque

1542 2076 1558 2108 7

235 2287 254 2306 2
280 2287 398 2316 passus
412 2275 466 2305 RJ
477 2276 563 2315 vulg.
584 2287 591 2306 :
616 2286 708 2305 —uum
727 2275 768 2305 M
871 2286 888 2313 7
914 2286 975 2314 per
988 2274 1063 2306 add.
1081 2279 1149 2306 vett.
1266 2275 1450 2305 Velvinum
1463 2274 1522 2305 M:

192 2320 365 2351 Bellienus
383 2320 540 2360 Madvzg:
565 2319 671 2349 Varro
688 2321 772 2349 viam
795 2319 983 2359 lls’esenbeaeg
1204 2320 1224 2348 8
1250 2319 1353 2358 probe
1370 2317 1521 2348 Ernesti:

191 2375 295 2404 prope
314 2365 351 2394 M
442 2374 477 2403 17
504 2365 727 2394 constitueras
748 2362 899 2393 Ernesti:
935 2363 1162 2393 constituebas
1187 2361 1227 2390 M
1315 2370 1354 2400 25
1381 2362 1435 2392 ille
1461 2361 1522 2391 M:

193 2408 280 2438 illam
300 2407 418 2439 Lamb.
438 2407 544 2448 sedes:
565 2408 583 2438 i.
604 2418 633 2446 4.
655 2418 674 2446 3
692 2410 720 2437 et
735 2406 873 2447 llffadvzg
891 2406 991 2437 ‘Fimy
1010 2406 1048 2437 iv.
1077 2415 1128 2445 43,
1144 2410 1178 2445 p.
1199 2415 1267 2444 545-
