1871 2782
162 893 198 915 10

157 1541 198 1562 20

641 187 754 226 EPP.
785 189 863 225 AD
893 189 1129 227 BRVTVM
1502 193 1531 231 1.
1551 194 1659 230 xviii

220 297 311 335 mali
332 297 371 335 in
393 311 439 336 eo
461 299 574 345 bello,
597 297 637 336 in
659 312 739 349 quo
759 299 924 338 victores
944 300 1133 338 exercitus
1154 301 1367 351 fugientem
1390 304 1543 342 hostem

220 363 399 412 persequi
420 363 616 401 noluerint
636 370 673 401 et
694 363 734 401 in
755 376 834 413 quo
861 362 1068 402 incolumis
1092 364 1302 414 imperator
1328 367 1543 405 honoribus

219 427 468 476 amplissimis
492 428 736 478 fortunisque
766 427 957 475 maximis,
978 429 1154 478 coniuge,
1178 430 1319 478 liberis,
1343 431 1454 470 vobis
1480 433 1544 471 ad-

220 490 362 529 finibus
383 499 542 530 ornatus
562 492 711 530 bellum
737 491 791 530 rei
817 492 999 541 publicae
1025 492 1235 532 indixerit?
1292 495 1387 544 quid
1414 496 1541 534 dicam

222 554 282 592 ‘in
303 562 412 594 tanto
433 564 589 594 senatus
610 557 826 606 populique
845 559 1065 605 consensu,'
1085 571 1175 595 cum
1201 566 1353 598 tantum
1377 560 1542 599 resideat

218 618 318 657 intra
347 634 477 658 muros
508 621 631 659 mali?
689 621 865 659 Maximo
893 629 1037 668 autem,
1063 636 1153 660 cum
1184 624 1282 661 haec
1311 624 1540 672 scribebam,
1562 633 1587 669 3

218 683 430 722 adficiebar
450 686 585 723 dolore
606 686 724 735 quod,
748 699 838 723 cum
860 699 923 723 me
943 699 1014 735 pro
1033 687 1331 726 adulescentulo
1351 701 1396 726 ac
1417 702 1542 738 paene

218 761 340 797 puero
367 763 426 787 res
451 750 609 799 publica
634 750 850 800 accepisset
873 752 1024 798 vadem,
1048 751 1111 789 vix
1136 751 1297 790 videbar
1323 754 1431 803 quod
1460 767 1544 804 pro-

219 813 399 851 miseram
431 822 625 864 praestare
655 829 780 864 posse.
841 817 913 853 Est
941 823 1073 854 autem
1105 817 1255 866 gravior
1285 824 1322 855 et
1351 817 1544 857 difficilior

218 877 338 915 animi
359 886 396 916 et
424 878 640 917 sententiae
671 879 849 917 maximis
873 880 1100 929 praesertim
1121 881 1160 918 in
1184 882 1300 919 rebus
1327 895 1398 931 pro
1421 884 1542 921 altero

218 954 337 990 quam
371 943 562 992 pecuniae
595 943 793 993 obligatio.
855 946 968 982 Haec
998 944 1104 982 enim
1133 945 1230 983 solvi
1260 954 1388 996 potest
1417 954 1455 985 et
1484 954 1542 985 est

217 1005 271 1044 rei
291 1006 488 1045 familiaris
515 1006 662 1046 iactura
688 1007 900 1046 tolerabilis
914 1023 925 1056 3
953 1008 1007 1047 rei
1035 1010 1216 1064 publicae
1241 1012 1350 1060 quod
1374 1025 1542 1061 spopon-

218 1069 330 1117 deris,
354 1084 472 1120 quem
499 1072 550 1109 ad
577 1073 742 1109 modum
765 1074 906 1120 solvas,
926 1073 1000 1111 nisi
1022 1073 1052 1111 is
1073 1074 1245 1123 dependi
1266 1074 1378 1113 facile
1397 1075 1541 1125 patitur

216 1148 287 1185 pro
308 1149 387 1185 quo
408 1136 695 1186 spoponderis?
743 1139 996 1187 Quamquam
1012 1145 1050 1175 et
1066 1139 1181 1184 hunc,
1198 1146 1240 1176 ut
1256 1152 1379 1189 spero,
1396 1141 1540 1178 tenebo
1558 1147 1585 1183 4

218 1200 348 1237 multis
368 1200 687 1250 repugnantibus.
746 1201 913 1239 Videtur
932 1201 1038 1239 enim
1059 1215 1144 1240 esse
1164 1202 1327 1250 indoles,
1350 1204 1419 1241 sed
1440 1203 1542 1242 flexi-

217 1265 304 1303 bilis
325 1273 430 1303 aetas
451 1265 642 1315 multique
665 1266 718 1303 ad
744 1267 1040 1315 depravandum
1066 1267 1190 1316 parati
1204 1281 1214 1315 3
1244 1267 1310 1317 Qui
1335 1270 1542 1317 splendore

216 1329 301 1367 salsi
334 1329 494 1367 honoris
525 1329 684 1368 obiecto
717 1330 842 1368 aciem
876 1331 972 1368 boni
1006 1331 1137 1381 ingeni
1169 1332 1396 1383 praestringi
1427 1347 1542 1383 posse

216 1394 431 1431 confidunt.
493 1394 632 1443 Itaque
661 1395 711 1432 ad
741 1394 910 1444 reliquos
939 1395 1004 1433 hic
1033 1409 1193 1446 quoque
1222 1397 1331 1435 labor
1360 1397 1455 1435 mihi
1483 1411 1543 1435 ac-

217 1457 332 1496 cessit
362 1465 404 1495 ut
435 1457 564 1496 omnis
597 1459 810 1497 adhibeam
844 1459 1046 1498 machinas
1079 1461 1131 1498 ad
1165 1462 1380 1499 tenendum
1412 1463 1542 1501 adule-

217 1529 392 1560 scentem
422 1536 471 1560 ne
501 1524 645 1560 famam
670 1524 833 1562 subeam
861 1524 1099 1563 temeritatis.
1160 1526 1414 1576 Quamquam
1441 1540 1541 1576 quae

216 1587 412 1626 temeritas
434 1590 520 1626 est?
578 1589 707 1638 Magis
734 1589 840 1627 enim
864 1589 973 1628 illum
998 1604 1069 1641 pro
1096 1604 1176 1640 quo
1204 1591 1400 1641 spopondi
1421 1605 1539 1641 quam

215 1666 279 1690 me
300 1651 429 1702 ipsum
451 1652 620 1703 obligavi
635 1667 646 1701 3
673 1667 747 1691 nec
760 1667 851 1692 vero
871 1654 1069 1704 paenitere
1090 1663 1219 1705 potest
1239 1669 1320 1693 rem
1341 1656 1539 1706 publicam

215 1731 278 1755 me
298 1730 369 1766 pro
390 1731 437 1755 eo
458 1718 730 1767 spopondisse,
754 1718 821 1769 qui
842 1719 913 1757 fuit
932 1719 973 1757 in
997 1720 1112 1758 rebus
1139 1719 1319 1770 gerendis
1346 1733 1436 1758 cum
1466 1734 1538 1759 suo

214 1781 372 1832 ingenio
393 1790 476 1820 tum
498 1797 585 1821 mea
605 1783 865 1832 promissione
887 1785 1136 1823 constantior.

270 1847 467 1885 Maximus
497 1855 639 1895 autem,
662 1847 737 1885 nisi
766 1862 830 1886 me
856 1850 953 1887 forte
973 1849 1080 1896 fallit,
1103 1849 1142 1887 in
1163 1865 1203 1888 re
1223 1850 1381 1901 publica
1410 1851 1537 1888 nodus
1556 1856 1581 1894 5

214 1919 272 1950 est
292 1911 425 1961 inopia
445 1912 498 1950 rei
518 1912 776 1961 pecuniariae.
826 1914 1107 1952 Obdurescunt
1126 1915 1231 1953 enim
1252 1915 1374 1965 magis
1394 1915 1538 1953 cotidie

215 1976 309 2014 boni
325 1976 395 2015 viri
414 1978 464 2015 ad
481 1991 618 2015 vocem
636 1977 794 2026 tributi‚-
823 1980 931 2028 quod
951 1993 997 2017 ex
1017 1980 1230 2018 centesima
1251 1983 1449 2018 conlatum
1470 1980 1538 2018 im-

214 2042 379 2092 pudenti
417 2056 537 2080 censu
576 2042 832 2092 locupletium
866 2043 906 2080 in
935 2045 1100 2081 duarum
1130 2044 1328 2094 legionum
1357 2044 1538 2094 praemiis

214 2120 333 2145 omne
353 2107 606 2145 consumitur.
667 2108 906 2157 Impendent
925 2116 1056 2146 autem
1078 2108 1219 2146 infiniti
1245 2116 1423 2159 sumptus
1447 2123 1537 2147 cum

153 2185 170 2215 ε,
214 2170 254 2209 in
292 2172 365 2209 hos
404 2172 593 2210 exercitus
632 2171 775 2221 quibus
814 2186 920 2210 nunc
959 2173 1209 2211 defendimur
1248 2181 1330 2211 tum
1369 2187 1460 2211 vero
1499 2175 1537 2211 in

257 2287 276 2307 2
301 2275 473 2306 noluerint
493 2274 680 2316 W⁷esetzberg
695 2288 701 2308 ε
726 2282 838 2307 -erunt
855 2276 940 2308 codd.
1076 2288 1113 2316 13
1138 2278 1200 2308 nisi
1217 2278 1244 2307 is
1264 2277 1410 2316 dependi
1428 2277 1512 2317 vulg.
1529 2289 1537 2314 ς

213 2320 252 2350 de
275 2321 303 2350 si
327 2321 360 2350 in
384 2320 471 2350 codd.
485 2325 547 2360 pro
572 2321 637 2350 nisi
662 2321 698 2359 cf
720 2319 845 2350 Mz‘iller
864 2321 911 2350 ad
931 2321 1000 2352 ΑΗ.
1025 2322 1153 2361 xiii.35.
1169 2332 1208 2351 2:
1235 2322 1261 2351 si
1286 2322 1313 2350 is
1338 2321 1483 2360 dependi
1500 2321 1543 2350 M

214 2363 333 2394 Becher
349 2376 354 2394 :
378 2364 406 2393 si
423 2365 451 2394 is
467 2364 615 2394 debitum
633 2375 698 2394 non
717 2364 863 2403 dependi
881 2364 1004 2394 Mz‘illsr
1136 2375 1172 2402 14
1198 2369 1230 2394 et
1248 2365 1337 2394 hunc
1357 2368 1409 2404 (sc.
1431 2365 1539 2404 quide

213 2418 273 2437 suo
289 2408 460 2446 nonsacile
474 2407 610 2446 dependi
620 2408 758 2447 patitur]
777 2409 865 2447 vulg.
886 2420 892 2438 :
916 2419 979 2445 ego
1005 2408 1094 2438 hunc
1113 2408 1236 2438 Mz’iller
1383 2417 1420 2445 15
1445 2409 1535 2448 csse]

214 2461 289 2480 csse
302 2451 333 2480 in
352 2462 391 2481 eo
408 2450 429 2480 I
514 2451 601 2480 bona
617 2454 692 2480 ante
709 2451 837 2481 indoles
853 2451 928 2482 add.
948 2450 1138 2491 lVesenberg
1224 2453 1265 2482 26
1282 2451 1538 2482 Obsurdescunt

214 2493 307 2525 Μαη.
399 2505 438 2533 27
465 2494 654 2525 collatumst
672 2494 854 2533 impudenti
872 2505 1039 2524 consensu
1058 2494 1197 2535 Madvig
