1871 2782
115 538 131 569 5

97 861 136 884 10

97 1186 133 1218 ¹0

97 1516 135 1537 20

96 2161 136 2194 30

361 157 915 198 COMMENTARIOLVM
945 156 1269 196 PETITIONIS
1430 165 1473 202 13
1496 170 1533 202 53

153 269 400 307 defensorem
433 268 673 308 auctoritatis
707 282 799 306 suae
834 269 925 315 fore,
957 268 1108 318 equites
1142 275 1180 306 et
1209 266 1278 305 viri
1308 266 1402 305 boni
1431 279 1477 304 ac

153 335 367 383 locupletes
388 347 434 372 ex
461 333 538 371 vita
563 340 650 371 acta
676 340 714 371 te
744 332 964 371 studiosum
991 332 1045 370 oti
1069 345 1114 370 ac
1138 345 1265 370 rerum
1296 330 1479 381 tranquil-

152 399 286 444 larum,
311 397 522 436 multitudo
542 411 588 436 ex
608 410 655 435 eo
676 398 784 447 quod
805 398 1007 435 dumtaxat
1033 396 1208 435 oratione
1229 396 1268 434 in
1289 395 1479 434 contioni-

152 462 225 499 bus
263 475 309 500 ac
347 462 493 501 iudicio
530 461 727 513 popularis
760 460 876 508 fuisti,
911 469 949 500 te
979 474 1002 499 a
1032 461 1110 499 suis
1144 460 1365 500 commodis
1397 474 1476 498 non

151 526 323 564 alienum
352 528 535 565 futurum.
1495 556 1539 593 14

208 593 321 630 Haec
341 591 551 630 veniebant
572 592 666 630 mihi
687 591 726 630 in
748 599 920 631 mentem
941 592 991 630 de
1011 591 1165 630 duabus
1185 590 1258 629 illis
1278 603 1476 629 commen-
1499 618 1538 648 54

153 655 367 694 tationibus
388 656 598 703 matutinis,
622 658 730 706 quod
752 656 823 695 tibi
842 655 987 694 cotidie
1007 657 1058 694 ad
1078 657 1205 694 forum
1222 654 1478 693 descendenti

154 720 427 759 meditandum
453 735 537 760 esse
557 721 754 759 dixeram:
787 722 946 760 ‘Novus
973 734 1071 767 sum,
1095 721 1343 759 consulatum
1364 720 1480 770 peto.>

153 785 331 823 Tertium
358 793 498 824 restat:
530 787 683 825 ‘Roma
711 784 792 833 est,'
814 785 948 824 civitas
977 799 1024 824 ex
1053 784 1257 824 nationum
1284 791 1481 822 conventu

154 849 376 896 constituta,
400 850 440 888 in
470 864 547 900 qua
576 852 722 889 multae
751 850 926 897 insidiae,
949 851 1073 888 multa
1101 849 1261 896 fallacia,
1289 850 1412 886 multa
1441 848 1481 886 in

154 913 263 951 omni
291 928 432 963 genere
461 914 554 952 vitia
582 923 791 962 versantur,
826 917 1039 954 multorum
1067 913 1306 964 adrogantia,
1343 915 1482 951 multo-

154 992 239 1016 rum
256 979 515 1026 contumacia,
532 981 743 1019 multorum
760 979 1045 1026 malevolentia,
1061 980 1273 1018 multorum
1287 977 1477 1028 superbia,

154 1045 367 1081 multorum
397 1044 533 1082 odium
561 1058 607 1083 ac
637 1044 815 1084 molestia
844 1045 1074 1095 perferenda
1101 1051 1170 1082 est.
1238 1042 1367 1082 Video
1397 1056 1481 1081 esse

153 1107 285 1158 magni
318 1108 457 1146 consili
485 1116 604 1159 atque
631 1109 723 1147 artis
756 1109 796 1147 in
825 1116 883 1147 tot
911 1108 1119 1147 hominum
1153 1107 1343 1157 cuiusque
1373 1106 1482 1145 modi

120 1187 132 1193 ·
153 1172 254 1211 vitiis
275 1173 472 1224 tantisque
487 1181 706 1211 versantem
726 1173 845 1211 vitare
865 1172 1135 1219 offensionem,
1153 1171 1273 1210 vitare
1293 1172 1477 1218 fabulam,

152 1238 272 1276 vitare
309 1238 480 1285 insidias,
514 1252 599 1277 esse
636 1251 759 1276 unum
798 1237 1001 1275 hominem
1044 1237 1390 1275 accommodatum
1429 1238 1480 1275 ad

153 1310 302 1341 tantam
341 1316 495 1341 morum
532 1317 578 1341 ac
616 1316 842 1341 sermonum
880 1315 926 1341 ac
959 1303 1207 1340 voluntatum
1240 1300 1476 1340 varietatem.

154 1369 245 1417 Qua
273 1381 313 1406 re
341 1367 460 1406 etiam
488 1375 608 1418 atque
635 1367 753 1406 etiam
783 1380 899 1418 perge
926 1374 1058 1405 tenere
1085 1366 1199 1405 istam
1228 1366 1331 1405 viam
1362 1379 1479 1416 quam
1502 1379 1538 1412 55

153 1432 335 1481 institisti,
377 1435 523 1472 excelle
563 1432 745 1472 dicendo.
824 1434 917 1471 Hoc
952 1439 991 1471 et
1028 1439 1211 1471 tenentur
1250 1433 1403 1470 Romae
1444 1439 1482 1470 et

153 1498 389 1537 adliciuntur
408 1506 446 1537 et
472 1499 522 1537 ab
549 1498 804 1550 impediendo
830 1511 876 1536 ac
902 1499 1098 1536 laedendo
1122 1498 1374 1548 repelluntur.
1431 1498 1482 1534 Et

153 1563 341 1613 quoniam
389 1563 429 1602 in
477 1565 554 1602 hoc
593 1565 654 1602 vel
693 1563 863 1602 maxime
909 1569 967 1601 est
1009 1562 1149 1601 vitiosa
1185 1561 1332 1608 civitas,
1374 1563 1482 1611 quod

153 1627 355 1677 largitione
393 1628 622 1679 interposita
652 1627 802 1667 virtutis
840 1641 886 1665 ac
925 1626 1124 1677 dignitatis
1162 1626 1340 1665 oblivisci
1371 1628 1479 1673 solet,

153 1692 193 1730 in
221 1694 298 1731 hoc
327 1694 387 1732 fac
417 1700 459 1732 ut
488 1701 526 1732 te
555 1694 657 1732 bene
686 1692 801 1740 noris,
825 1692 866 1731 id
895 1700 953 1731 est
981 1686 1024 1730 u't
1052 1691 1253 1741 intellegas
1280 1705 1370 1730 eum
1398 1704 1482 1730 esse

153 1765 191 1796 te
218 1758 285 1808 qui
311 1758 431 1797 iudici
464 1773 509 1798 ac
543 1758 705 1810 periculi
735 1766 885 1797 metum
912 1758 1126 1796 maximum
1159 1755 1481 1807 competitoribus

153 1824 303 1862 adferre
330 1823 466 1874 possis.

208 1890 286 1926 Fac
315 1896 357 1927 ut
387 1903 427 1928 se
456 1890 526 1928 abs
557 1896 595 1928 te
624 1888 812 1928 custodiri
841 1896 960 1939 atque
989 1886 1185 1927 observari
1212 1886 1335 1925 sciant
1350 1901 1360 1934 3
1389 1899 1480 1924 cum

153 1953 395 2003 diligentiam
434 1962 552 2001 tuam,
585 1968 676 1992 cum
710 1954 983 1993 auctoritatem
1016 1953 1175 2003 vimque
1207 1951 1366 1991 dicendi
1395 1959 1478 1990 tum

152 2020 328 2069 profecto
367 2019 555 2069 equestris
594 2020 741 2058 ordinis
780 2034 870 2070 erga
907 2028 945 2058 te
979 2019 1152 2058 studium
1188 2018 1473 2069 pertimescent.

153 2085 285 2133 Atque
314 2085 411 2122 haec
440 2083 493 2122 ita
521 2085 614 2122 nolo
641 2092 678 2122 te
712 2083 785 2122 illis
817 2097 1035 2134 proponere
1068 2091 1111 2122 ut
1136 2083 1292 2121 videare
1322 2095 1477 2121 accusa·
1497 2086 1538 2129 56

153 2147 301 2186 tionem
322 2147 399 2185 iam
421 2147 610 2195 meditari,
634 2149 703 2187 sed
733 2155 775 2186 ut
804 2149 880 2186 hoc
910 2155 1054 2186 terrore
1081 2147 1231 2186 facilius
1252 2148 1328 2186 hoc
1349 2146 1477 2197 ipsum

199 2262 212 2281 1
227 2255 303 2292 post
314 2252 446 2291 equites
462 2250 529 2281 ΓΗ
541 2251 657 2292 danty
670 2251 761 2290 quod
773 2262 795 2282 r.
817 2251 864 2287 s:
885 2250 1046 2282 Romani*¹¹
1063 2261 1125 2281 esse
1141 2250 1265 2282 videtur
1352 2252 1372 2281 6
1392 2260 1478 2281 com-

153 2295 411 2325 mentationibus
423 2296 617 2326 Palcrmus:
637 2296 916 2325 commotionibus
930 2294 1015 2325 codd.
1031 2306 1038 2325 ε
1058 2295 1315 2334 cogitationibus
1326 2294 1482 2324 Bucizeler

154 2348 171 2376 7
194 2340 281 2376 quod
296 2337 413 2369 Lamb.
434 2351 440 2369 z
464 2348 529 2377 quo
547 2338 635 2369 FH:
659 2348 742 2377 quas
758 2338 907 2368 Bc‘z'lzrcns
1000 2348 1038 2376 19
1063 2338 1213 2368 institisti
1235 2338 1352 2368 Gruter
1366 2337 1453 2378 vulg.
1473 2348 1479 2367 :

153 2382 325 2412 instituisti
342 2381 427 2412 codd.
492 2387 526 2411 ct
546 2383 639 2421 (post
656 2382 794 2417 Romae)
814 2381 901 2412 FH:
926 2381 1080 2412 homines
1098 2386 1130 2411 et
1147 2381 1219 2412 dett.
1313 2382 1354 2411 28
1377 2381 1478 2420 perti-

153 2430 304 2455 mescant
320 2424 384 2455 cod.
407 2425 547 2455 Turnebi
593 2434 635 2464 29
659 2425 734 2456 nolo
751 2424 925 2455 Buclzeler:
949 2424 1022 2455 volo
1040 2424 1127 2456 codd.
1184 2423 1236 2465 ut]
1255 2434 1324 2454 non
1342 2429 1378 2454 ut
1392 2424 1479 2464 vulg.

196 2488 274 2510 con.
293 2489 397 2511 PETlT.
1375 2480 1393 2509 7
