1871 2782
480 179 593 216 EPP.
626 179 703 215 AD
734 179 1000 227 QVINTVM
1034 180 1307 218 FRATREM
1508 180 1571 217 Li

227 297 371 329 norunt
401 297 439 329 et
468 291 603 329 omnia
630 289 822 341 pecuniae
851 304 969 329 causa
995 291 1140 330 faciunt
1165 299 1201 330 et
1233 291 1391 342 quicum
1417 291 1553 330 victuri

228 367 308 392 non
338 362 429 393 sunt
457 355 539 393 eius
565 354 842 393 existimationi
871 357 1075 395 consulere
1105 370 1185 394 non
1216 365 1361 395 curant.
1421 359 1553 407 Atque
1575 363 1614 395 16

226 417 343 456 etiam
377 432 399 457 e
433 419 593 458 Graecis
627 419 720 469 ipsis
753 419 960 469 diligenter
992 421 1191 458 cavendae
1229 428 1319 458 sunt
1358 423 1552 471 quaedam

226 482 503 522 familiaritates
542 492 693 534 praeter
723 484 931 522 hominum
969 498 1253 534 perpaucorum
1294 485 1324 522 si
1359 486 1425 535 qui
1463 493 1554 524 sunt

187 558 204 589 5
226 555 355 586 vetere
371 548 535 586 Graecia
555 548 687 598 digni3
717 548 772 586 sic
786 562 877 586 vero
898 550 1054 587 fallaces
1076 557 1165 587 sunt
1187 550 1368 599 permulti
1391 558 1428 588 et
1450 552 1553 589 leves

225 619 264 649 et
300 612 484 650 diuturna
522 612 705 651 servitute
742 614 794 651 ad
833 612 993 650 nimiam
1040 614 1352 653 adsentationem
1400 616 1549 653 eruditi.

224 676 337 724 Quos
358 690 432 726 ego
452 677 653 715 universos
682 677 860 715 adhiberi
888 677 1107 724 liberaliter,
1132 678 1324 728 optimum
1354 692 1552 729 quemque

224 740 395 790 hospitio
420 741 671 791 amicitiaque
699 741 885 792 coniungi
911 742 1002 780 dico
1027 750 1230 792 oportere3
1273 743 1417 782 nimiae
1447 745 1553 783 sami-

223 805 406 844 liaritates
433 820 569 845 corum
595 820 725 857 neque
752 814 832 845 tam
860 808 996 846 fideles
1024 814 1114 845 sunt
1145 807 1242 858 (non
1272 809 1375 847 enim
1407 811 1553 848 audent

166 883 204 906 10
223 869 417 908 adversari
437 871 578 909 nostris
598 871 882 921 voluntatibus>
904 880 940 910 et
968 871 1143 911 invident
1163 886 1243 911 non
1264 873 1404 912 nostris
1425 876 1552 913 solum

222 948 357 973 verum
378 935 495 973 etiam
517 936 605 974 suis.
1569 973 1597 1009 6

278 1000 363 1038 Iam
389 1000 455 1050 qui
483 999 522 1038 in
550 1000 632 1039 cius
661 1000 771 1040 modi
801 1001 927 1049 rebus,
958 1001 997 1039 in
1025 1001 1167 1052 quibus
1197 1016 1331 1041 vereor
1357 1003 1473 1042 etiam
1501 1018 1551 1043 ne
1576 1043 1586 1063 ι

222 1064 355 1102 durior
375 1063 459 1112 sim,
483 1074 619 1103 cautus
641 1079 725 1104 esse
745 1066 862 1104 velim
889 1079 935 1104 ac
962 1066 1136 1115 diligens,
1161 1081 1239 1116 quo
1268 1081 1330 1105 me
1354 1068 1487 1106 animo
1512 1068 1551 1106 in

224 1129 340 1167 servis
361 1144 446 1168 csse
467 1133 634 1168 censes?
663 1144 762 1180 quos
784 1130 946 1180 quidem
973 1144 1064 1167 cum
1085 1130 1269 1168 omnibus
1290 1130 1329 1168 in
1350 1132 1446 1170 locis
1467 1140 1548 1170 tum

165 1211 202 1243 15
224 1194 430 1244 praecipue
461 1194 501 1232 in
535 1194 743 1244 provinciis
777 1208 908 1244 regere
938 1195 1140 1233 debemus.
1201 1197 1293 1244 Quo
1326 1197 1377 1234 de
1409 1210 1550 1246 genere

222 1261 344 1296 multa
381 1258 551 1309 praecipi
594 1266 759 1309 possunt
802 1260 872 1297 sed
912 1260 989 1297 hoc
1027 1267 1066 1297 et
1103 1259 1374 1298 brevissimum
1415 1269 1472 1299 est
1511 1270 1548 1300 ct

220 1322 402 1362 facillime
437 1322 558 1361 teneri
593 1331 731 1373 potest,
770 1331 811 1361 ut
846 1323 899 1362 ita
937 1337 979 1362 se
1015 1332 1149 1374 gerant
1179 1323 1219 1362 in
1253 1324 1334 1363 istis
1365 1325 1547 1364 Asiaticis

218 1387 421 1427 itineribus
446 1396 488 1426 ut
515 1388 546 1426 si
573 1388 644 1427 iter
668 1389 798 1439 Appia
824 1389 885 1427 via
914 1390 1070 1437 faceres,
1100 1403 1198 1428 neve
1228 1389 1413 1429 interesse
1442 1391 1548 1440 quic-

218 1467 336 1502 quam
370 1461 509 1503 putent
543 1461 674 1491 utrum
709 1454 850 1491 Trallis
881 1468 931 1492 an
967 1453 1141 1492 Formias
1175 1454 1361 1493 venerint.
1420 1457 1480 1493 Ac
1514 1456 1546 1493 si

159 1535 198 1557 20
217 1518 303 1567 quis
338 1526 395 1556 est
426 1532 472 1557 ex
506 1518 623 1557 servis
656 1518 807 1568 egregie
839 1518 980 1566 fidelis,
1013 1518 1062 1557 sit
1095 1518 1134 1556 in
1172 1519 1399 1558 domesticis
1430 1521 1545 1559 rebus

216 1590 253 1620 et
274 1583 430 1633 privatis
446 1599 455 1631 3
485 1598 586 1634 quae
602 1598 661 1622 res
675 1585 724 1622 ad
742 1583 915 1622 officium
932 1583 1069 1634 imperi
1090 1583 1146 1622 tui
1165 1592 1282 1634 atque
1303 1586 1353 1623 ad
1373 1585 1543 1635 aliquam

215 1656 364 1698 partem
403 1648 457 1686 rei
495 1648 677 1698 publicae
716 1648 982 1699 pertinebunt,
1024 1650 1074 1687 de
1116 1648 1162 1686 iis
1200 1649 1316 1687 rebus
1360 1663 1410 1688 ne
1449 1650 1544 1700 quid

214 1712 387 1763 attingat.
449 1715 578 1751 Multa
607 1713 712 1751 enim
743 1727 844 1763 quae
871 1721 976 1751 recte
1003 1713 1196 1751 committi
1224 1713 1341 1752 servis
1362 1714 1543 1753 fidelibus

214 1786 378 1827 possunt
409 1786 541 1816 tamen
580 1777 770 1816 sermonis
806 1785 843 1817 et
881 1778 1174 1828 vituperationis
1208 1778 1389 1817 vitandae
1427 1793 1544 1817 causa

1599 1042 1613 1051 .,

1598 1055 1607 1074 1

157 1859 193 1889 25
213 1842 498 1881 committenda
526 1856 607 1881 non
637 1850 736 1881 sunt.

267 1908 346 1945 Sed
376 1907 510 1945 nescio
540 1921 619 1957 quo
651 1915 766 1957 pacto
796 1909 847 1946 ad
876 1907 1141 1958 praecipiendi
1165 1907 1353 1946 rationem
1381 1909 1541 1957 delapsa
1565 1914 1601 1945 18

213 1980 270 2011 est
291 1972 414 2010 oratio
435 1986 535 2019 mea,
557 1986 647 2009 cum
677 1972 718 2010 id
747 1972 844 2010 mihi
872 1973 1117 2023 propositum
1146 1972 1256 2010 initio
1286 1986 1366 2011 non
1393 1972 1537 2011 fuisset.

213 2037 321 2086 Quid
360 2036 464 2074 enim
504 2037 539 2074 ci
577 2036 812 2087 praecipiam
856 2051 974 2087 quem
1012 2051 1084 2086 ego
1123 2037 1161 2074 in
1201 2038 1277 2075 hoc
1315 2037 1538 2087 praesertim

211 2115 352 2151 genere
380 2102 603 2151 intellegam
630 2101 838 2151 prudentia
864 2115 945 2139 non
972 2115 1056 2140 esse
1080 2101 1299 2140 inferiorern
1321 2115 1439 2152 quam
1461 2116 1537 2144 me.

151 2181 194 2212 30
213 2180 285 2204 usu
319 2179 411 2204 vero
450 2166 568 2204 etiam
602 2166 874 2216 superiorem?
930 2167 1008 2204 Sed
1046 2174 1178 2205 tamen
1210 2166 1241 2204 si
1274 2168 1325 2205 ad
1359 2181 1404 2206 ea
1435 2180 1536 2217 quae

254 2280 273 2309 3
298 2271 334 2311 e]
363 2271 395 2300 in
420 2271 506 2301 Boot
640 2271 803 2309 quaedam
826 2270 886 2301 M:
925 2281 990 2301 om.
1018 2270 1162 2301 Emmsti:
1203 2272 1367 2309 quaedam
1400 2272 1535 2302 intimae

215 2312 405 2355 lVesenberg
491 2323 510 2352 5
535 2314 582 2344 sic
599 2313 641 2343 M
656 2315 687 2351 (j.
703 2324 727 2345 e.
748 2319 782 2344 ut
800 2324 889 2344 nunc
906 2319 994 2351 sunt,
1016 2314 1130 2344 afirwsl
1150 2326 1156 2344 :
1180 2325 1268 2344 nunc
1285 2315 1432 2344 Ernesti:
1449 2316 1530 2353 sort.

209 2357 282 2387 istic
444 2368 465 2396 9
488 2358 617 2398 neque]
635 2358 794 2387 vitandae
813 2358 876 2396 (vel
890 2357 995 2387 simile
1010 2357 1148 2396 aliquid]
1168 2358 1256 2396 quod
1278 2368 1387 2397 neque
1408 2357 1535 2388 lVssew

207 2401 285 2474 ssgrg
392 2406 459 2432 tam
485 2401 531 2441 M,
553 2401 588 2440 cf
609 2400 696 2431 Reid
717 2400 764 2431 ad
783 2400 888 2431 Acad.
917 2401 948 2431 ii.
968 2409 1009 2439 5:
1034 2400 1097 2431 iam
1114 2400 1245 2431 Erneslz'
1358 2411 1393 2440 14
1419 2412 1535 2434 servos

226 2444 339 2475 ‘mesti
