1871 2782
398 194 511 230 EPR·
543 194 620 230 AD
650 192 917 240 QVINTVM
950 192 1223 229 FRATREM
1429 191 1481 228 11.
1502 189 1578 226 xiii

147 316 246 341 meo.
311 304 389 341 Sed
418 302 514 353 quid
540 303 646 353 ago?
685 302 794 352 quod
821 301 916 339 mihi
945 309 1100 351 tempus
1123 303 1276 339 Romae
1303 313 1471 350 praeser-

146 368 228 414 tim,
249 376 292 406 ut
326 368 397 406 iste
429 382 492 406 me
525 375 644 418 rogat,
674 366 848 405 manenti
881 380 1049 404 vacuum
1089 366 1337 404 ostenditur?
1393 366 1472 403 Sed

146 432 304 479 videro3
343 435 505 471 fortasse
532 432 646 479 enim,
670 439 713 470 ut
737 433 788 479 fit,
812 431 941 470 vincet
968 439 1058 469 tuus
1084 444 1194 469 amor
1220 430 1349 469 omnis
1376 429 1495 468 disti--

145 500 319 536 cultates.

108 579 125 610 5
199 563 429 601 Trebatium
460 564 569 613 quod
602 564 652 601 ad
687 576 727 600 se
759 561 929 600 miserim
968 562 1138 611 persalse
1171 569 1209 599 et
1247 561 1469 609 humaniter
1489 568 1512 606 3

145 627 263 665 etiam
292 628 432 677 gratias
462 627 557 665 mihi
586 627 689 676 agit3
731 634 846 677 negat
875 626 981 665 enim
1011 625 1050 663 in
1081 633 1188 664 tanta
1219 625 1471 663 multitudine

146 705 281 730 eorum
314 692 381 742 qui
415 706 494 731 una
524 700 655 730 essent
685 704 925 741 quemquam
958 690 1076 729 fuisse
1107 690 1174 740 qui
1201 688 1472 728 vadimonium

146 757 355 807 concipere
376 765 518 807 posset.
581 759 635 795 M.
660 756 797 796 Curtio
821 756 1062 794 tribunatum
1083 756 1134 794 ab
1155 768 1202 793 eo
1223 754 1341 804 petivi
1364 754 1472 805 (nam

149 821 348 860 Domitius
377 836 418 860 se
447 822 615 860 derideri
645 829 831 872 putasset,
853 821 883 860 si
910 829 1012 859 esset
1037 834 1060 858 a
1090 833 1153 858 me
1182 826 1338 870 rogatus
1353 834 1363 867 3
1397 821 1472 857 hoc

90 901 129 922 10
147 886 253 924 enim
275 895 332 924 est
358 887 441 925 eius
469 887 724 934 cotidianum,
747 900 787 925 se
812 900 861 925 ne
889 886 1089 924 tribunum
1118 885 1285 923 militum
1311 885 1472 935 quidem

147 952 284 989 facere.
345 951 475 989 Etiam
500 951 538 989 in
567 959 705 990 senatu
733 951 823 989 lusit
844 951 1019 1001 Appium
1041 952 1246 999 conlegam
1267 957 1474 999 propterea

147 1016 223 1054 isse
251 1017 302 1055 ad
328 1018 536 1056 Caesarem
567 1025 608 1055 ut
638 1017 809 1067 aliquem
840 1016 1081 1055 tribunatum
1110 1014 1305 1066 auferret),
1332 1016 1404 1053 sed
1432 1015 1471 1052 in

146 1083 311 1120 alterum
331 1096 490 1120 annum.
552 1083 600 1120 Id
621 1090 658 1120 et
679 1082 836 1121 Curtius
857 1081 910 1119 ita
929 1081 1095 1120 volebat.

202 1148 264 1184 Tu
299 1161 418 1196 quem
447 1148 498 1185 ad
529 1148 692 1185 modum
723 1160 786 1184 me
815 1159 951 1184 censes
982 1152 1161 1195 oportere
1188 1158 1272 1182 esse
1299 1152 1337 1182 et
1364 1144 1403 1181 in
1431 1157 1470 1181 re
1489 1153 1515 1190 4

91 1224 128 1257 15
150 1212 307 1263 publica
337 1220 375 1250 et
404 1211 444 1250 in
474 1211 614 1249 nostris
649 1210 861 1248 inimicitiis
893 1210 945 1247 ita
974 1217 1012 1247 et
1042 1223 1126 1248 esse
1153 1217 1190 1247 et
1217 1210 1299 1247 fore
1326 1207 1472 1246 oricula

150 1277 284 1314 infima
317 1276 415 1314 scito
449 1275 678 1314 molliorem.
739 1277 819 1313 Res
851 1277 1058 1313 Romanae
1087 1287 1128 1312 se
1158 1273 1213 1311 sic
1247 1273 1446 1311 habebant
1467 1287 1473 1309 z
1494 1280 1517 1318 5

150 1343 243 1379 Erat
275 1355 355 1379 non
386 1342 493 1378 nulla
524 1354 612 1390 spes
651 1339 900 1378 comitiorum
939 1340 1009 1378 sed
1043 1338 1200 1385 incerta,
1232 1346 1313 1376 erat
1345 1337 1476 1386 aliqua

149 1406 321 1456 suspicio
354 1405 579 1453 dictaturae,
613 1419 662 1444 ne
696 1419 743 1443 ea
776 1404 936 1455 quidem
971 1412 1085 1451 certa,
1118 1417 1317 1442 summum
1352 1402 1476 1441 otium

151 1473 304 1509 forense
332 1472 401 1509 sed
427 1470 667 1509 senescentis
693 1470 815 1520 magis
839 1470 1004 1508 civitatis
1025 1483 1144 1519 quam
1171 1467 1474 1518 adquiescentis‚

94 1550 132 1572 20
152 1535 346 1574 sententia
373 1543 505 1573 autem
536 1543 668 1573 nostra
697 1534 737 1572 in
767 1542 905 1573 senatu
935 1534 1017 1572 eius
1048 1533 1158 1572 modi
1189 1532 1312 1583 magis
1341 1540 1383 1571 ut
1412 1531 1477 1571 alii

152 1600 266 1639 nobis
295 1599 566 1638 adsentiantur
595 1613 714 1649 quam
744 1606 900 1638 nosmet
928 1597 1012 1648 ipsi.

389 1664 534 1704 Τοιαῦθ’
563 1667 583 1704 ὁ
611 1666 761 1716 τλήμων
788 1665 951 1715 πόλεμος
980 1665 1221 1717 ἐξεργάζεται.

195 1811 305 1846 XIV
395 1814 462 1846 Scr.
483 1813 612 1845 Romae
617 1814 697 1854 sort.
717 1825 746 1845 a.
767 1813 795 1845 d.
816 1814 850 1844 vi
862 1813 903 1845 K.
924 1813 1011 1844 Sext.
1032 1824 1060 1843 a.
1084 1823 1141 1852 700
1162 1811 1243 1851 “54ff.

380 1891 580 1923 MARCVS
604 1890 783 1931 QVINTO
806 1890 901 1921 FRA
913 1890 994 1921 TRI
1013 1887 1249 1920 SALVTEM.

99 1988 135 2018 25
210 1971 374 2009 Calamo
407 1976 445 2007 et
478 1975 697 2006 atramento
736 1974 963 2016 temperato,
997 1967 1130 2003 charta
1168 1965 1286 2003 etiam
1320 1962 1480 2002 dentata
1500 1971 1516 1997 1

156 2048 215 2072 res
248 2042 391 2084 agetur.
452 2033 595 2071 Scribis
630 2032 735 2071 enim
770 2039 807 2070 te
842 2044 948 2069 meas
984 2030 1128 2068 litteras
1167 2028 1385 2078 superiores
1419 2028 1480 2081 vix

156 2101 282 2148 legere
314 2098 512 2149 potuisse;
552 2098 591 2135 in
624 2111 703 2147 quo
735 2096 832 2134 nihil
863 2109 1010 2142 eorum,
1041 2094 1094 2132 mi
1125 2096 1250 2140 frater,
1277 2093 1348 2131 fuit
1379 2106 1480 2143 quae

156 2172 280 2214 putas.
341 2165 481 2212 Neque
501 2162 607 2201 enim
628 2168 843 2211 occupatus
864 2174 969 2199 eram
991 2172 1119 2209 neque
1139 2159 1385 2209 perturbatus
1407 2170 1479 2196 nec

200 2269 221 2298 8
248 2267 290 2298 M.
311 2267 446 2307 Curtio]
464 2266 530 2296 Hr'c
543 2266 652 2306 incipit
668 2276 788 2295 novam
805 2269 848 2304 ep.
870 2263 925 2293 M¹
1044 2273 1081 2302 13
1106 2263 1143 2293 Id
1161 2262 1211 2302 et]
1232 2262 1269 2291 Id
1286 2261 1359 2300 ipse
1376 2260 1479 2291 Boot:

160 2312 196 2341 Id
214 2312 302 2341 enim
332 2311 379 2340 vel
404 2310 535 2341 Etenim
559 2309 636 2340 coni.
667 2309 809 2339 Mic'ller:
827 2307 906 2346 fort.
926 2311 958 2337 et
976 2306 1008 2337 id
1156 2315 1193 2344 15
1217 2305 1344 2335 oricula
1368 2301 1416 2345 M,
1442 2304 1478 2343 cf

158 2354 241 2384 Ellis
257 2354 303 2384 ad
317 2354 434 2385 Catull.
455 2363 505 2392 25.
525 2363 553 2388 2,
574 2357 601 2383 et
616 2352 778 2383 loreolam
795 2351 865 2382 Art.
886 2362 914 2381 V.
935 2361 984 2380 20.
1005 2361 1023 2388 4
1041 2362 1047 2381 ε
1071 2350 1220 2380 auricula
1236 2349 1322 2388 vulg.
1440 2357 1481 2386 25

160 2398 298 2427 Calamo
315 2397 404 2427 bono
426 2397 615 2438 PVesenbcrg
804 2395 942 2425 dentata
959 2393 1022 2434 M²‚
1044 2394 1080 2434 (fi
1098 2392 1185 2424 Plin.
1206 2392 1250 2423 H.
1271 2392 1312 2422 N.
1334 2391 1401 2422 xiii.
1417 2391 1456 2421 81
1475 2402 1481 2421 :

159 2442 236 2472 dum
254 2446 345 2472 tanta
362 2439 415 2471 W
