1871 2782
272 147 301 185 Ι.
321 147 397 183 xiii
703 146 759 182 M.
791 146 962 183 TVLLI
993 144 1299 184 CICERONIS

337 258 445 306 quod
466 258 555 294 volo
576 263 613 294 et
635 257 743 306 quod
768 262 933 306 oportet.
994 257 1084 304 Qua
1110 269 1150 294 re
1177 254 1258 294 noli
1285 262 1509 306 exspectare
1532 255 1668 306 longas

336 334 495 371 preces,
536 321 686 359 intuere
718 335 781 359 me
815 321 943 371 ipsum
975 320 1043 370 qui
1075 321 1150 358 hoc
1181 334 1204 358 a
1237 328 1285 366 te,
1319 322 1380 358 vel
1411 333 1434 358 a
1463 320 1666 366 Cicerone,

337 386 662 425 coniunctissimo
695 386 868 434 homine,
904 386 1084 437 privatim
1119 388 1179 425 vel
1212 400 1235 424 a
1269 385 1463 424 consulari
1493 385 1559 424 tali
1588 385 1669 424 viro

338 459 488 490 remota
521 451 811 490 necessitudine
843 451 1002 501 privata,
1033 451 1163 490 debeo
1193 458 1410 501 impetrare.
1481 449 1589 498 Quid
1619 449 1670 487 sis

338 519 508 555 facturus
539 517 656 556 velim
691 517 787 556 mihi
819 531 937 568 quam
968 517 1137 568 primum
1167 517 1366 557 rescribas.
1428 518 1515 555 Kal.
1549 515 1672 565 Quin·
1690 530 1707 561 5

338 581 471 621 tilibus
492 596 538 621 ex
559 582 703 621 castris.

380 710 490 745 XIV
667 714 736 746 Scr.
758 714 884 745 Romae
900 725 918 745 v
934 713 981 745 Id.
1004 714 1116 754 Quint.
1138 724 1167 744 a.
1190 723 1246 753 711
1264 712 1343 754 (43).

763 791 939 823 CICERO
965 791 1121 822 BRVTO
1147 791 1244 822 SAL.

304 881 321 908 1
396 871 538 907 Breves
558 869 708 908 litterae
728 870 1011 908 tuae—breves
1032 869 1134 916 dico,
1152 868 1275 907 immo
1295 870 1435 907 nullae.
1476 867 1673 907 Tribusne

340 933 538 972 versiculis
568 933 628 972 his
655 933 898 984 temporibus
927 936 1070 972 Brutus
1093 934 1144 972 ad
1169 935 1260 972 me?
1317 933 1427 972 Nihil
1454 933 1672 984 scripsisses
1695 948 1732 970 10

341 998 481 1049 potius.
543 1001 593 1037 Et
627 999 789 1049 requiris
824 1002 954 1037 meas!
1013 999 1113 1048 Quis
1143 1012 1333 1048 umquam
1366 1000 1417 1037 ad
1448 1005 1486 1037 te
1516 1006 1672 1037 tuorum

341 1064 424 1102 sine
446 1064 543 1102 meis
567 1064 704 1103 venit?
733 1078 835 1114 quae
858 1071 991 1102 autem
1019 1063 1185 1114 epistula
1209 1078 1290 1102 non
1321 1065 1477 1114 pondus
1507 1062 1674 1102 habuit?

343 1131 456 1178 Quae
486 1129 517 1166 si
548 1131 599 1168 ad
631 1137 668 1168 te
702 1131 873 1179 perlatae
907 1143 987 1167 non
1023 1137 1123 1177 sunt,
1156 1143 1206 1167 ne
1239 1128 1477 1167 domesticas
1511 1128 1673 1178 quidem

342 1203 427 1232 tuas
462 1196 628 1244 perlatas
664 1194 837 1232 arbitror.
899 1194 1082 1233 Ciceroni
1117 1193 1252 1232 scribis
1287 1202 1325 1232 te
1359 1193 1576 1244 longiorem
1610 1193 1675 1231 da-

342 1267 472 1297 turum
511 1258 730 1309 epistulam.
809 1261 933 1297 Recte
973 1258 1013 1297 id
1052 1258 1225 1308 quidem,
1267 1259 1336 1297 sed
1379 1260 1476 1297 haec
1515 1271 1675 1308 quoque
1698 1273 1733 1306 15

343 1323 480 1362 debuit
501 1337 585 1362 esse
607 1323 768 1373 plenior.
829 1325 914 1373 Ego
940 1330 1084 1369 autem,
1111 1337 1202 1361 cum
1229 1324 1280 1361 ad
1308 1337 1370 1361 me
1397 1325 1447 1361 de
1472 1322 1674 1362 Ciceronis

341 1390 412 1427 abs
434 1396 471 1427 te
492 1388 667 1427 discessu
693 1388 923 1439 scripsisses,
947 1388 1077 1426 statim
1101 1388 1245 1426 extrusi
1269 1387 1490 1426 tabellarios
1516 1388 1676 1427 litteras-

343 1468 419 1504 que
449 1455 499 1492 ad
534 1453 768 1493 Ciceronem
800 1460 852 1500 ut,
886 1452 1004 1491 etiam
1036 1452 1066 1491 si
1096 1452 1136 1490 in
1168 1453 1322 1491 Italiam
1352 1452 1533 1500 venisset,
1562 1454 1613 1491 ad
1639 1460 1676 1491 te

344 1519 509 1567 rediret3
553 1518 649 1556 nihil
688 1518 793 1557 enim
833 1518 929 1556 mihi
969 1518 1190 1565 iucundius,
1231 1518 1328 1556 nihil
1367 1518 1421 1556 illi
1460 1518 1674 1557 honestius.

346 1585 599 1634 Quamquam
634 1583 869 1633 aliquotiens
903 1583 939 1622 ei
974 1583 1202 1633 scripseram
1235 1584 1484 1621 sacerdotum
1518 1583 1678 1622 comitia
1699 1599 1736 1620 20

345 1663 433 1687 mea
463 1662 617 1687 summa
647 1648 901 1687 contentione
928 1648 968 1685 in
997 1650 1163 1687 alterum
1191 1662 1341 1686 annum
1371 1662 1456 1686 esse
1482 1647 1678 1687 reiecta—

346 1715 454 1764 quod
500 1728 572 1764 ego
617 1728 707 1752 cum
748 1713 950 1752 Ciceronis
993 1727 1111 1752 causa
1154 1712 1351 1752 elaboravi
1389 1720 1473 1751 tum
1514 1712 1675 1759 Domiti,

348 1779 522 1826 Catonis,
542 1778 709 1825 Lentuli,
728 1778 958 1817 Bibulorum
970 1793 979 1826 3
1000 1780 1108 1828 quod
1124 1780 1175 1816 ad
1189 1786 1226 1816 te
1243 1778 1359 1816 etiam
1377 1778 1680 1828 scripseram—;

349 1845 418 1882 sed
452 1843 645 1891 videlicet,
678 1857 769 1882 cum
800 1843 905 1881 illam
939 1843 1120 1893 pusillam
1155 1843 1361 1893 epistulam
1391 1850 1499 1881 tuam
1533 1844 1583 1881 ad
1618 1856 1680 1881 me

307 1921 331 1948 2
351 1910 484 1957 dabas,
519 1910 699 1947 nondum
731 1916 811 1947 erat
842 1908 913 1947 tibi
943 1909 983 1946 id
1013 1917 1162 1947 notum.
1223 1910 1313 1958 Qua
1342 1922 1382 1947 re
1411 1907 1521 1946 omni
1550 1908 1681 1946 studio
1703 1925 1737 1957 25

350 1988 373 2012 a
399 1982 447 2021 te,
472 1973 524 2011 mi
553 1976 683 2021 Brute,
713 1975 913 2012 contendo
940 1980 982 2011 ut
1010 1973 1244 2012 Ciceronem
1272 1986 1405 2011 meum
1432 1986 1482 2011 ne
1509 1972 1682 2012 dimittas

351 2047 561 2089 tecumque
591 2040 766 2077 deducas
781 2052 790 2085 3
825 2039 934 2088 quod
963 2037 1103 2088 ipsum,
1131 2037 1162 2076 si
1191 2052 1272 2076 rem
1303 2037 1502 2088 publicam
1532 2037 1594 2076 cui
1625 2051 1684 2076 su-

351 2112 507 2154 sceptus
524 2117 565 2142 es
586 2102 755 2154 respicis,
772 2102 843 2141 tibi
863 2102 941 2140 iam
958 2102 1115 2152 iamque
1131 2102 1356 2141 faciendum
1373 2109 1440 2140 est.
1484 2103 1682 2140 Renatum

352 2169 457 2208 enim
483 2170 629 2208 bellum
657 2176 715 2207 est
743 2168 863 2218 idque
890 2182 971 2206 non
998 2181 1160 2218 parvum
1186 2169 1330 2206 scelere
1358 2166 1508 2217 Lepidi.
1569 2169 1684 2205 Exer-

394 2284 413 2311 3
438 2274 496 2304 tali
513 2273 580 2304 secl.
604 2273 710 2312 Orelli,
732 2273 863 2312 punctis
884 2271 994 2302 delevit
1018 2271 1059 2301 M
1071 2283 1078 2302 ε
1100 2271 1158 2301 scd
1170 2271 1254 2301 inter
1267 2275 1378 2300 czteres
1401 2269 1582 2300 consularis
1601 2270 1686 2300 viros

351 2317 509 2347 eminebat
524 2317 628 2347 Cicero
759 2326 780 2354 9
804 2317 902 2346 dico?
927 2316 1013 2355 vulg.
1033 2327 1039 2345 :
1063 2315 1130 2345 sine
1146 2318 1222 2344 nola
1238 2315 1388 2353 interrog.
1410 2314 1448 2343 M
1450 2314 1531 2343 z'c'ller
1646 2324 1683 2352 17

352 2361 547 2399 scripsisses
566 2360 743 2390 Middleton
760 2371 767 2390 t
792 2360 1004 2398 scripsissem
1022 2358 1108 2389 codd.
1239 2359 1277 2387 18
1294 2361 1370 2398 post
1387 2358 1587 2387 Ciceronem
1605 2357 1683 2388 add.

353 2405 429 2433 dedi
449 2404 481 2433 R
568 2414 610 2442 23
628 2403 836 2443 Bibulorum]
850 2403 928 2442 fhrl.
947 2402 1069 2433 Bibuli.
1086 2402 1224 2432 aliorum
1241 2412 1248 2441 ;
1275 2401 1374 2431 unius
1385 2401 1470 2431 enim
1484 2400 1601 2439 Bibuli,
1619 2411 1684 2431 non

354 2447 562 2486 Bt'bnlorum,
572 2448 665 2486 sacta
680 2451 724 2477 est
741 2448 860 2478 mentio
876 2447 908 2477 in
926 2451 970 2487 ep.
989 2446 1125 2486 septima
