<?xml version="1.0" encoding="UTF-8"?>
<!DOCTYPE html PUBLIC "-//W3C//DTD XHTML 1.0 Transitional//EN"
    "http://www.w3.org/TR/xhtml1/DTD/xhtml1-transitional.dtd">
<html xmlns="http://www.w3.org/1999/xhtml" xml:lang="en" lang="en">
 <head>
  <title>
</title>
<meta http-equiv="Content-Type" content="text/html;charset=utf-8" />
  <meta name='ocr-system' content='tesseract 3.04.00' />
  <meta name='ocr-capabilities' content='ocr_page ocr_carea ocr_par ocr_line ocrx_word'/>
</head>
<body>
  <div class='ocr_page' id='page_1' title='image "./epistulaerecogno03ciceuoft_0009.png"; bbox 0 0 1871 2782; ppageno 0'>
   <div class='ocr_carea' id='block_1_1' title="bbox 626 710 1102 761">
    <p class='ocr_par' dir='ltr' id='par_1_1' title="bbox 626 710 1102 761">
     <span class='ocr_line' id='line_1_1' title="bbox 626 710 1102 761; baseline -0.002 0"><span class='ocrx_word' id='word_1_1' title='bbox 626 710 1102 761; x_wconf 84' lang='lat' dir='ltr'><strong>PRAEFATIO</strong></span> 
     </span>
    </p>
   </div>
   <div class='ocr_carea' id='block_1_2' title="bbox 191 875 1528 2227">
    <p class='ocr_par' dir='ltr' id='par_1_2' title="bbox 191 875 1528 2227">
     <span class='ocr_line' id='line_1_2' title="bbox 255 875 1526 924; baseline -0.002 -9"><span class='ocrx_word' id='word_1_2' title='bbox 255 879 551 915; x_wconf 80' lang='lat' dir='ltr'><strong>EPISTVLARVM</strong></span> <span class='ocrx_word' id='word_1_3' title='bbox 601 876 802 915; x_wconf 81' lang='lat' dir='ltr'>Ciceronis</span> <span class='ocrx_word' id='word_1_4' title='bbox 850 876 901 914; x_wconf 86' lang='lat' dir='ltr'>ad</span> <span class='ocrx_word' id='word_1_5' title='bbox 941 875 1134 924; x_wconf 87' lang='lat' dir='ltr'>Quintum</span> <span class='ocrx_word' id='word_1_6' title='bbox 1176 877 1348 913; x_wconf 81' lang='lat' dir='ltr'>Fratrem</span> <span class='ocrx_word' id='word_1_7' title='bbox 1397 882 1434 912; x_wconf 92' lang='lat' dir='ltr'>et</span> <span class='ocrx_word' id='word_1_8' title='bbox 1476 876 1526 912; x_wconf 84' lang='lat' dir='ltr'>ad</span> 
     </span>
     <span class='ocr_line' id='line_1_3' title="bbox 200 935 1528 991; baseline -0.002 -12"><span class='ocrx_word' id='word_1_9' title='bbox 200 942 364 979; x_wconf 85' lang='lat' dir='ltr'>Brutum</span> <span class='ocrx_word' id='word_1_10' title='bbox 404 948 446 979; x_wconf 89' lang='lat' dir='ltr'>ut</span> <span class='ocrx_word' id='word_1_11' title='bbox 486 935 753 991; x_wconf 70' lang='lat' dir='ltr'>Epistularum</span> <span class='ocrx_word' id='word_1_12' title='bbox 791 941 841 978; x_wconf 81' lang='lat' dir='ltr'>ad</span> <span class='ocrx_word' id='word_1_13' title='bbox 880 939 1057 978; x_wconf 87' lang='lat' dir='ltr'>Atticum</span> <span class='ocrx_word' id='word_1_14' title='bbox 1100 939 1365 977; x_wconf 86' lang='lat' dir='ltr'>firmissimum</span> <span class='ocrx_word' id='word_1_15' title='bbox 1405 939 1528 977; x_wconf 87' lang='lat' dir='ltr'>subsi-</span> 
     </span>
     <span class='ocr_line' id='line_1_4' title="bbox 198 1004 1526 1055; baseline -0.001 -12"><span class='ocrx_word' id='word_1_16' title='bbox 198 1006 307 1044; x_wconf 88' lang='lat' dir='ltr'>dium</span> <span class='ocrx_word' id='word_1_17' title='bbox 337 1014 375 1044; x_wconf 88' lang='lat' dir='ltr'>et</span> <span class='ocrx_word' id='word_1_18' title='bbox 406 1006 524 1045; x_wconf 90' lang='lat' dir='ltr'>hodie</span> <span class='ocrx_word' id='word_1_19' title='bbox 553 1014 670 1044; x_wconf 84' lang='lat' dir='ltr'>restat</span> <span class='ocrx_word' id='word_1_20' title='bbox 700 1006 838 1045; x_wconf 76' lang='lat' dir='ltr'>Codex</span> <span class='ocrx_word' id='word_1_21' title='bbox 870 1005 1076 1043; x_wconf 86' lang='lat' dir='ltr'>Mediceus</span> <span class='ocrx_word' id='word_1_22' title='bbox 1097 1019 1158 1054; x_wconf 87' lang='lat'>49.</span> <span class='ocrx_word' id='word_1_23' title='bbox 1187 1007 1232 1042; x_wconf 87' lang='lat'>18</span> <span class='ocrx_word' id='word_1_24' title='bbox 1255 1004 1353 1055; x_wconf 85' lang='lat' dir='ltr'><em>(M).</em></span> <span class='ocrx_word' id='word_1_25' title='bbox 1414 1005 1526 1053; x_wconf 84' lang='lat' dir='ltr'>Quos</span> 
     </span>
     <span class='ocr_line' id='line_1_5' title="bbox 196 1070 1527 1120; baseline -0.001 -12"><span class='ocrx_word' id='word_1_26' title='bbox 196 1071 292 1109; x_wconf 87' lang='lat' dir='ltr'>alios</span> <span class='ocrx_word' id='word_1_27' title='bbox 309 1071 467 1110; x_wconf 90' lang='lat' dir='ltr'>codices</span> <span class='ocrx_word' id='word_1_28' title='bbox 488 1071 657 1110; x_wconf 83' lang='lat' dir='ltr'>familiae</span> <span class='ocrx_word' id='word_1_29' title='bbox 674 1079 715 1109; x_wconf 88' lang='lat' dir='ltr'>ut</span> <span class='ocrx_word' id='word_1_30' title='bbox 731 1071 872 1110; x_wconf 86' lang='lat' dir='ltr'>dicitur</span> <span class='ocrx_word' id='word_1_31' title='bbox 892 1072 921 1112; x_wconf 80' lang='grc' dir='ltr'>Σ</span> <span class='ocrx_word' id='word_1_32' title='bbox 944 1070 1221 1109; x_wconf 84' lang='lat' dir='ltr'>Lehmannus¹</span> <span class='ocrx_word' id='word_1_33' title='bbox 1242 1070 1280 1107; x_wconf 91' lang='lat' dir='ltr'>in</span> <span class='ocrx_word' id='word_1_34' title='bbox 1297 1071 1425 1108; x_wconf 90' lang='lat' dir='ltr'>lucem</span> <span class='ocrx_word' id='word_1_35' title='bbox 1442 1083 1527 1120; x_wconf 90' lang='lat' dir='ltr'>pro-</span> 
     </span>
     <span class='ocr_line' id='line_1_6' title="bbox 197 1135 1526 1187; baseline -0.002 -12"><span class='ocrx_word' id='word_1_36' title='bbox 197 1138 348 1184; x_wconf 78' lang='lat' dir='ltr'>tulerat,</span> <span class='ocrx_word' id='word_1_37' title='bbox 375 1150 616 1187; x_wconf 85' lang='lat' dir='ltr'>quamquam</span> <span class='ocrx_word' id='word_1_38' title='bbox 644 1137 694 1174; x_wconf 91' lang='lat' dir='ltr'>ab</span> <span class='ocrx_word' id='word_1_39' title='bbox 714 1138 774 1174; x_wconf 87' lang='lat' dir='ltr'><em>M</em></span> <span class='ocrx_word' id='word_1_40' title='bbox 786 1135 1036 1173; x_wconf 86' lang='lat' dir='ltr'>multifariam</span> <span class='ocrx_word' id='word_1_41' title='bbox 1063 1135 1287 1184; x_wconf 88' lang='lat' dir='ltr'>discrepant</span> <span class='ocrx_word' id='word_1_42' title='bbox 1314 1135 1526 1173; x_wconf 87' lang='lat' dir='ltr'>interdum-</span> 
     </span>
     <span class='ocr_line' id='line_1_7' title="bbox 197 1199 1524 1251; baseline -0.002 -12"><span class='ocrx_word' id='word_1_43' title='bbox 197 1215 274 1251; x_wconf 86' lang='lat' dir='ltr'>que</span> <span class='ocrx_word' id='word_1_44' title='bbox 294 1215 383 1240; x_wconf 89' lang='lat' dir='ltr'>vera</span> <span class='ocrx_word' id='word_1_45' title='bbox 398 1201 601 1241; x_wconf 82' lang='lat' dir='ltr'>Ciceronis</span> <span class='ocrx_word' id='word_1_46' title='bbox 622 1201 754 1249; x_wconf 78' lang='lat' dir='ltr'>verba,</span> <span class='ocrx_word' id='word_1_47' title='bbox 774 1201 814 1238; x_wconf 90' lang='lat' dir='ltr'>in</span> <span class='ocrx_word' id='word_1_48' title='bbox 834 1202 893 1238; x_wconf 90' lang='lat' dir='ltr'><em>M</em></span> <span class='ocrx_word' id='word_1_49' title='bbox 905 1207 1097 1250; x_wconf 89' lang='lat' dir='ltr'>corrupta,</span> <span class='ocrx_word' id='word_1_50' title='bbox 1113 1202 1284 1247; x_wconf 87' lang='lat' dir='ltr'>tradunt,</span> <span class='ocrx_word' id='word_1_51' title='bbox 1299 1199 1325 1237; x_wconf 89' lang='lat' dir='ltr'>ii</span> <span class='ocrx_word' id='word_1_52' title='bbox 1344 1201 1524 1238; x_wconf 91' lang='lat' dir='ltr'>nondum</span> 
     </span>
     <span class='ocr_line' id='line_1_8' title="bbox 196 1264 1526 1316; baseline -0.001 -12"><span class='ocrx_word' id='word_1_53' title='bbox 196 1266 236 1304; x_wconf 92' lang='lat' dir='ltr'>in</span> <span class='ocrx_word' id='word_1_54' title='bbox 262 1266 450 1316; x_wconf 87' lang='lat' dir='ltr'>Epistulis</span> <span class='ocrx_word' id='word_1_55' title='bbox 478 1279 580 1316; x_wconf 88' lang='lat' dir='ltr'>quae</span> <span class='ocrx_word' id='word_1_56' title='bbox 606 1266 646 1303; x_wconf 93' lang='lat' dir='ltr'>in</span> <span class='ocrx_word' id='word_1_57' title='bbox 676 1267 752 1304; x_wconf 87' lang='lat' dir='ltr'>hoc</span> <span class='ocrx_word' id='word_1_58' title='bbox 779 1264 979 1303; x_wconf 90' lang='lat' dir='ltr'>volumine</span> <span class='ocrx_word' id='word_1_59' title='bbox 1009 1265 1264 1303; x_wconf 89' lang='lat' dir='ltr'>includuntur</span> <span class='ocrx_word' id='word_1_60' title='bbox 1293 1264 1346 1302; x_wconf 86' lang='lat' dir='ltr'>ita</span> <span class='ocrx_word' id='word_1_61' title='bbox 1375 1265 1526 1303; x_wconf 85' lang='lat' dir='ltr'>excussi</span> 
     </span>
     <span class='ocr_line' id='line_1_9' title="bbox 195 1330 1526 1382; baseline -0.002 -13"><span class='ocrx_word' id='word_1_62' title='bbox 195 1339 285 1369; x_wconf 87' lang='lat' dir='ltr'>sunt</span> <span class='ocrx_word' id='word_1_63' title='bbox 306 1339 348 1369; x_wconf 91' lang='lat' dir='ltr'>ut</span> <span class='ocrx_word' id='word_1_64' title='bbox 375 1331 511 1381; x_wconf 88' lang='lat' dir='ltr'>quanti</span> <span class='ocrx_word' id='word_1_65' title='bbox 539 1331 637 1382; x_wconf 90' lang='lat' dir='ltr'>preti</span> <span class='ocrx_word' id='word_1_66' title='bbox 666 1331 744 1369; x_wconf 86' lang='lat' dir='ltr'>sint</span> <span class='ocrx_word' id='word_1_67' title='bbox 770 1330 1005 1369; x_wconf 87' lang='lat' dir='ltr'>aestimandi</span> <span class='ocrx_word' id='word_1_68' title='bbox 1031 1330 1183 1380; x_wconf 87' lang='lat' dir='ltr'>liquido</span> <span class='ocrx_word' id='word_1_69' title='bbox 1209 1338 1367 1380; x_wconf 87' lang='lat' dir='ltr'>pateat:</span> <span class='ocrx_word' id='word_1_70' title='bbox 1396 1338 1435 1368; x_wconf 85' lang='lat' dir='ltr'>at</span> <span class='ocrx_word' id='word_1_71' title='bbox 1462 1330 1526 1368; x_wconf 89' lang='lat' dir='ltr'>hic</span> 
     </span>
     <span class='ocr_line' id='line_1_10' title="bbox 194 1394 1523 1446; baseline -0.002 -12"><span class='ocrx_word' id='word_1_72' title='bbox 194 1409 354 1446; x_wconf 87' lang='lat' dir='ltr'>quoque</span> <span class='ocrx_word' id='word_1_73' title='bbox 381 1404 423 1434; x_wconf 86' lang='lat' dir='ltr'>ut</span> <span class='ocrx_word' id='word_1_74' title='bbox 446 1395 486 1434; x_wconf 89' lang='lat' dir='ltr'>in</span> <span class='ocrx_word' id='word_1_75' title='bbox 513 1395 700 1446; x_wconf 84' lang='lat' dir='ltr'>Epistulis</span> <span class='ocrx_word' id='word_1_76' title='bbox 730 1397 781 1434; x_wconf 90' lang='lat' dir='ltr'>ad</span> <span class='ocrx_word' id='word_1_77' title='bbox 804 1395 980 1434; x_wconf 88' lang='lat' dir='ltr'>Atticum</span> <span class='ocrx_word' id='word_1_78' title='bbox 1010 1408 1078 1434; x_wconf 87' lang='lat' dir='ltr'>eos</span> <span class='ocrx_word' id='word_1_79' title='bbox 1106 1394 1293 1433; x_wconf 84' lang='lat' dir='ltr'>auxilium</span> <span class='ocrx_word' id='word_1_80' title='bbox 1321 1394 1523 1433; x_wconf 89' lang='lat' dir='ltr'>modicum</span> 
     </span>
     <span class='ocr_line' id='line_1_11' title="bbox 194 1460 1525 1511; baseline -0.002 -11"><span class='ocrx_word' id='word_1_81' title='bbox 194 1463 263 1500; x_wconf 88' lang='lat' dir='ltr'>sed</span> <span class='ocrx_word' id='word_1_82' title='bbox 298 1475 379 1500; x_wconf 91' lang='lat' dir='ltr'>non</span> <span class='ocrx_word' id='word_1_83' title='bbox 414 1475 600 1511; x_wconf 88' lang='lat' dir='ltr'>magnum</span> <span class='ocrx_word' id='word_1_84' title='bbox 640 1463 785 1499; x_wconf 84' lang='lat' dir='ltr'>laturos</span> <span class='ocrx_word' id='word_1_85' title='bbox 819 1474 904 1500; x_wconf 87' lang='lat' dir='ltr'>esse</span> <span class='ocrx_word' id='word_1_86' title='bbox 939 1460 1126 1511; x_wconf 89' lang='lat' dir='ltr'>suspicor.</span> <span class='ocrx_word' id='word_1_87' title='bbox 1196 1461 1274 1498; x_wconf 87' lang='lat' dir='ltr'>Sed</span> <span class='ocrx_word' id='word_1_88' title='bbox 1308 1468 1451 1507; x_wconf 84' lang='lat' dir='ltr'>tamen,</span> <span class='ocrx_word' id='word_1_89' title='bbox 1484 1468 1525 1498; x_wconf 88' lang='lat' dir='ltr'>ut</span> 
     </span>
     <span class='ocr_line' id='line_1_12' title="bbox 194 1525 1523 1576; baseline -0.001 -12"><span class='ocrx_word' id='word_1_90' title='bbox 194 1535 235 1564; x_wconf 88' lang='lat' dir='ltr'>ut</span> <span class='ocrx_word' id='word_1_91' title='bbox 257 1526 338 1573; x_wconf 88' lang='lat' dir='ltr'>erit,</span> <span class='ocrx_word' id='word_1_92' title='bbox 362 1540 469 1565; x_wconf 91' lang='lat' dir='ltr'>nunc</span> <span class='ocrx_word' id='word_1_93' title='bbox 490 1526 652 1576; x_wconf 86' lang='lat' dir='ltr'>quidem</span> <span class='ocrx_word' id='word_1_94' title='bbox 675 1528 979 1565; x_wconf 88' lang='lat' dir='ltr'>fundamentum</span> <span class='ocrx_word' id='word_1_95' title='bbox 1007 1525 1246 1564; x_wconf 84' lang='lat' dir='ltr'>recensionis</span> <span class='ocrx_word' id='word_1_96' title='bbox 1267 1526 1334 1564; x_wconf 90' lang='lat' dir='ltr'>dat</span> <span class='ocrx_word' id='word_1_97' title='bbox 1354 1526 1415 1563; x_wconf 88' lang='lat' dir='ltr'>M.</span> <span class='ocrx_word' id='word_1_98' title='bbox 1477 1527 1523 1563; x_wconf 92' lang='lat' dir='ltr'>In</span> 
     </span>
     <span class='ocr_line' id='line_1_13' title="bbox 194 1593 1525 1641; baseline -0.001 -12"><span class='ocrx_word' id='word_1_99' title='bbox 194 1600 343 1641; x_wconf 88' lang='lat' dir='ltr'>partem</span> <span class='ocrx_word' id='word_1_100' title='bbox 378 1599 511 1630; x_wconf 86' lang='lat' dir='ltr'>tamen</span> <span class='ocrx_word' id='word_1_101' title='bbox 545 1593 725 1630; x_wconf 82' lang='lat' dir='ltr'>vocanda</span> <span class='ocrx_word' id='word_1_102' title='bbox 758 1599 849 1630; x_wconf 86' lang='lat' dir='ltr'>sunt</span> <span class='ocrx_word' id='word_1_103' title='bbox 888 1605 968 1630; x_wconf 90' lang='lat' dir='ltr'>non</span> <span class='ocrx_word' id='word_1_104' title='bbox 1007 1593 1135 1629; x_wconf 89' lang='lat' dir='ltr'>solum</span> <span class='ocrx_word' id='word_1_105' title='bbox 1175 1604 1276 1640; x_wconf 89' lang='lat' dir='ltr'>quae</span> <span class='ocrx_word' id='word_1_106' title='bbox 1314 1604 1440 1640; x_wconf 89' lang='lat' dir='ltr'>pauca</span> <span class='ocrx_word' id='word_1_107' title='bbox 1479 1604 1525 1628; x_wconf 81' lang='lat' dir='ltr'>ex</span> 
     </span>
     <span class='ocr_line' id='line_1_14' title="bbox 195 1655 1524 1707; baseline 0 -13"><span class='ocrx_word' id='word_1_108' title='bbox 195 1656 416 1695; x_wconf 87' lang='lat' dir='ltr'>Lehmanni</span> <span class='ocrx_word' id='word_1_109' title='bbox 437 1656 628 1695; x_wconf 88' lang='lat' dir='ltr'>industria</span> <span class='ocrx_word' id='word_1_110' title='bbox 648 1658 698 1695; x_wconf 90' lang='lat' dir='ltr'>de</span> <span class='ocrx_word' id='word_1_111' title='bbox 719 1658 748 1697; x_wconf 83' lang='grc' dir='ltr'>Σ</span> <span class='ocrx_word' id='word_1_112' title='bbox 769 1656 1045 1707; x_wconf 83' lang='lat' dir='ltr'>cognoscimus</span> <span class='ocrx_word' id='word_1_113' title='bbox 1073 1657 1142 1695; x_wconf 90' lang='lat' dir='ltr'>sed</span> <span class='ocrx_word' id='word_1_114' title='bbox 1169 1655 1285 1694; x_wconf 90' lang='lat' dir='ltr'>etiam</span> <span class='ocrx_word' id='word_1_115' title='bbox 1312 1657 1354 1702; x_wconf 86' lang='lat' dir='ltr'>C,</span> <span class='ocrx_word' id='word_1_116' title='bbox 1377 1655 1524 1694; x_wconf 89' lang='lat' dir='ltr'>scilicet</span> 
     </span>
     <span class='ocr_line' id='line_1_15' title="bbox 194 1720 1524 1772; baseline -0.001 -13"><span class='ocrx_word' id='word_1_117' title='bbox 194 1735 294 1771; x_wconf 84' lang='lat' dir='ltr'>quae</span> <span class='ocrx_word' id='word_1_118' title='bbox 322 1722 540 1761; x_wconf 81' lang='lat' dir='ltr'>Cratander</span> <span class='ocrx_word' id='word_1_119' title='bbox 569 1722 608 1760; x_wconf 90' lang='lat' dir='ltr'>in</span> <span class='ocrx_word' id='word_1_120' title='bbox 641 1722 814 1772; x_wconf 87' lang='lat' dir='ltr'>margine</span> <span class='ocrx_word' id='word_1_121' title='bbox 848 1721 1032 1761; x_wconf 84' lang='lat' dir='ltr'>editionis</span> <span class='ocrx_word' id='word_1_122' title='bbox 1061 1721 1154 1759; x_wconf 87' lang='lat' dir='ltr'>anni</span> <span class='ocrx_word' id='word_1_123' title='bbox 1188 1723 1287 1771; x_wconf 84' lang='lat'>1528</span> <span class='ocrx_word' id='word_1_124' title='bbox 1321 1720 1524 1759; x_wconf 81' lang='lat' dir='ltr'>adnotavit</span> 
     </span>
     <span class='ocr_line' id='line_1_16' title="bbox 193 1785 1524 1837; baseline -0.002 -12"><span class='ocrx_word' id='word_1_125' title='bbox 193 1800 240 1825; x_wconf 86' lang='lat' dir='ltr'>ex</span> <span class='ocrx_word' id='word_1_126' title='bbox 260 1787 399 1826; x_wconf 90' lang='lat' dir='ltr'>codice</span> <span class='ocrx_word' id='word_1_127' title='bbox 426 1788 601 1837; x_wconf 88' lang='lat' dir='ltr'>quodam</span> <span class='ocrx_word' id='word_1_128' title='bbox 622 1795 663 1825; x_wconf 89' lang='lat' dir='ltr'>ut</span> <span class='ocrx_word' id='word_1_129' title='bbox 684 1787 838 1826; x_wconf 88' lang='lat' dir='ltr'>videtur</span> <span class='ocrx_word' id='word_1_130' title='bbox 864 1788 970 1826; x_wconf 86' lang='lat' dir='ltr'>haud</span> <span class='ocrx_word' id='word_1_131' title='bbox 1001 1786 1107 1837; x_wconf 88' lang='lat' dir='ltr'>parvi</span> <span class='ocrx_word' id='word_1_132' title='bbox 1137 1786 1245 1837; x_wconf 86' lang='lat' dir='ltr'>preti.</span> <span class='ocrx_word' id='word_1_133' title='bbox 1306 1785 1524 1825; x_wconf 88' lang='lat' dir='ltr'>Codicibus</span> 
     </span>
     <span class='ocr_line' id='line_1_17' title="bbox 194 1851 1524 1902; baseline -0.002 -12"><span class='ocrx_word' id='word_1_134' title='bbox 194 1852 430 1902; x_wconf 82' lang='lat' dir='ltr'>quibusdam</span> <span class='ocrx_word' id='word_1_135' title='bbox 474 1852 883 1891; x_wconf 88' lang='lat' dir='ltr'>Laurisheimensibus</span> <span class='ocrx_word' id='word_1_136' title='bbox 922 1853 999 1890; x_wconf 89' lang='lat' dir='ltr'>iam</span> <span class='ocrx_word' id='word_1_137' title='bbox 1033 1851 1246 1902; x_wconf 88' lang='lat' dir='ltr'>deperditis</span> <span class='ocrx_word' id='word_1_138' title='bbox 1285 1864 1399 1889; x_wconf 85' lang='lat' dir='ltr'>usum</span> <span class='ocrx_word' id='word_1_139' title='bbox 1439 1864 1524 1888; x_wconf 87' lang='lat' dir='ltr'>esse</span> 
     </span>
     <span class='ocr_line' id='line_1_18' title="bbox 193 1915 1523 1967; baseline -0.002 -12"><span class='ocrx_word' id='word_1_140' title='bbox 193 1918 457 1957; x_wconf 88' lang='lat' dir='ltr'>Cratandrum</span> <span class='ocrx_word' id='word_1_141' title='bbox 482 1925 660 1956; x_wconf 88' lang='lat' dir='ltr'>constat:</span> <span class='ocrx_word' id='word_1_142' title='bbox 691 1919 761 1956; x_wconf 90' lang='lat' dir='ltr'>sed</span> <span class='ocrx_word' id='word_1_143' title='bbox 787 1931 867 1967; x_wconf 86' lang='lat' dir='ltr'>quo</span> <span class='ocrx_word' id='word_1_144' title='bbox 895 1919 1021 1963; x_wconf 47' lang='lat' dir='ltr'>modo,</span> <span class='ocrx_word' id='word_1_145' title='bbox 1037 1930 1162 1966; x_wconf 88' lang='lat' dir='ltr'>quave</span> <span class='ocrx_word' id='word_1_146' title='bbox 1187 1915 1336 1954; x_wconf 88' lang='lat' dir='ltr'>ratione</span> <span class='ocrx_word' id='word_1_147' title='bbox 1361 1916 1405 1954; x_wconf 90' lang='lat' dir='ltr'>iis</span> <span class='ocrx_word' id='word_1_148' title='bbox 1430 1929 1523 1954; x_wconf 86' lang='lat' dir='ltr'>usus</span> 
     </span>
     <span class='ocr_line' id='line_1_19' title="bbox 192 1980 1522 2032; baseline 0 -13"><span class='ocrx_word' id='word_1_149' title='bbox 192 1982 240 2020; x_wconf 87' lang='lat' dir='ltr'>sit</span> <span class='ocrx_word' id='word_1_150' title='bbox 257 1982 355 2020; x_wconf 91' lang='lat' dir='ltr'>inter</span> <span class='ocrx_word' id='word_1_151' title='bbox 371 1982 472 2020; x_wconf 87' lang='lat' dir='ltr'>viros</span> <span class='ocrx_word' id='word_1_152' title='bbox 493 1983 633 2021; x_wconf 85' lang='lat' dir='ltr'>doctos</span> <span class='ocrx_word' id='word_1_153' title='bbox 652 1984 766 2021; x_wconf 87' lang='lat' dir='ltr'>valde</span> <span class='ocrx_word' id='word_1_154' title='bbox 786 1982 1037 2032; x_wconf 85' lang='lat' dir='ltr'>disceptatur.</span> <span class='ocrx_word' id='word_1_155' title='bbox 1088 1980 1257 2019; x_wconf 87' lang='lat' dir='ltr'>Gurlitt²</span> <span class='ocrx_word' id='word_1_156' title='bbox 1278 1981 1316 2019; x_wconf 93' lang='lat' dir='ltr'>in</span> <span class='ocrx_word' id='word_1_157' title='bbox 1335 1980 1522 2031; x_wconf 89' lang='lat' dir='ltr'>Epistulis</span> 
     </span>
     <span class='ocr_line' id='line_1_20' title="bbox 191 2046 1522 2097; baseline -0.001 -12"><span class='ocrx_word' id='word_1_158' title='bbox 191 2048 241 2085; x_wconf 89' lang='lat' dir='ltr'>ad</span> <span class='ocrx_word' id='word_1_159' title='bbox 278 2049 443 2085; x_wconf 87' lang='lat' dir='ltr'>Brutum</span> <span class='ocrx_word' id='word_1_160' title='bbox 483 2047 733 2086; x_wconf 87' lang='lat' dir='ltr'>recensendis</span> <span class='ocrx_word' id='word_1_161' title='bbox 772 2047 951 2085; x_wconf 89' lang='lat' dir='ltr'>codicem</span> <span class='ocrx_word' id='word_1_162' title='bbox 993 2046 1376 2085; x_wconf 87' lang='lat' dir='ltr'>Laurisheimensem</span> <span class='ocrx_word' id='word_1_163' title='bbox 1416 2046 1522 2097; x_wconf 86' lang='lat' dir='ltr'>(ante</span> 
     </span>
     <span class='ocr_line' id='line_1_21' title="bbox 191 2111 1522 2163; baseline 0 -13"><span class='ocrx_word' id='word_1_164' title='bbox 191 2114 304 2150; x_wconf 89' lang='lat' dir='ltr'>saecl.</span> <span class='ocrx_word' id='word_1_165' title='bbox 320 2112 357 2150; x_wconf 88' lang='lat' dir='ltr'>xi</span> <span class='ocrx_word' id='word_1_166' title='bbox 373 2111 577 2163; x_wconf 87' lang='lat' dir='ltr'>scriptum)</span> <span class='ocrx_word' id='word_1_167' title='bbox 593 2113 855 2151; x_wconf 84' lang='lat' dir='ltr'>Cratandrum</span> <span class='ocrx_word' id='word_1_168' title='bbox 872 2120 951 2150; x_wconf 90' lang='lat' dir='ltr'>tam</span> <span class='ocrx_word' id='word_1_169' title='bbox 969 2111 1146 2162; x_wconf 83' lang='lat' dir='ltr'>religiose</span> <span class='ocrx_word' id='word_1_170' title='bbox 1159 2113 1220 2150; x_wconf 89' lang='lat' dir='ltr'>vel</span> <span class='ocrx_word' id='word_1_171' title='bbox 1236 2111 1522 2162; x_wconf 87' lang='lat' dir='ltr'>transcripsisse</span> 
     </span>
     <span class='ocr_line' id='line_1_22' title="bbox 191 2177 1521 2227; baseline -0.001 -12"><span class='ocrx_word' id='word_1_172' title='bbox 191 2179 250 2216; x_wconf 84' lang='lat' dir='ltr'>vel</span> <span class='ocrx_word' id='word_1_173' title='bbox 280 2177 621 2215; x_wconf 88' lang='lat' dir='ltr'>transcribendum</span> <span class='ocrx_word' id='word_1_174' title='bbox 652 2191 807 2216; x_wconf 85' lang='lat' dir='ltr'>curasse</span> <span class='ocrx_word' id='word_1_175' title='bbox 842 2185 952 2227; x_wconf 81' lang='lat' dir='ltr'>putat</span> <span class='ocrx_word' id='word_1_176' title='bbox 983 2185 1212 2227; x_wconf 83' lang='lat' dir='ltr'>tantamque</span> <span class='ocrx_word' id='word_1_177' title='bbox 1247 2190 1379 2215; x_wconf 86' lang='lat' dir='ltr'>curam</span> <span class='ocrx_word' id='word_1_178' title='bbox 1414 2177 1521 2227; x_wconf 86' lang='lat' dir='ltr'>operi</span> 
     </span>
    </p>
   </div>
   <div class='ocr_carea' id='block_1_3' title="bbox 190 2292 1522 2491">
    <p class='ocr_par' dir='ltr' id='par_1_3' title="bbox 190 2292 1522 2385">
     <span class='ocr_line' id='line_1_23' title="bbox 234 2292 1522 2333; baseline 0 -10"><span class='ocrx_word' id='word_1_179' title='bbox 234 2292 241 2310; x_wconf 86' lang='lat'>¹</span> <span class='ocrx_word' id='word_1_180' title='bbox 271 2293 308 2324; x_wconf 91' lang='lat' dir='ltr'>In</span> <span class='ocrx_word' id='word_1_181' title='bbox 328 2293 413 2324; x_wconf 83' lang='lat' dir='ltr'>libro</span> <span class='ocrx_word' id='word_1_182' title='bbox 430 2293 486 2333; x_wconf 90' lang='lat' dir='ltr'>qui</span> <span class='ocrx_word' id='word_1_183' title='bbox 502 2293 695 2324; x_wconf 83' lang='lat' dir='ltr'>inscribitur</span> <span class='ocrx_word' id='word_1_184' title='bbox 709 2295 717 2309; x_wconf 89' lang='lat'>‘</span> <span class='ocrx_word' id='word_1_185' title='bbox 736 2293 785 2323; x_wconf 92' lang='lat' dir='ltr'>De</span> <span class='ocrx_word' id='word_1_186' title='bbox 803 2293 977 2324; x_wconf 86' lang='lat' dir='ltr'>Ciceronis</span> <span class='ocrx_word' id='word_1_187' title='bbox 1000 2293 1041 2324; x_wconf 87' lang='lat' dir='ltr'>ad</span> <span class='ocrx_word' id='word_1_188' title='bbox 1058 2293 1208 2323; x_wconf 90' lang='lat' dir='ltr'>Atticum</span> <span class='ocrx_word' id='word_1_189' title='bbox 1228 2293 1387 2333; x_wconf 86' lang='lat' dir='ltr'>Epistulis</span> <span class='ocrx_word' id='word_1_190' title='bbox 1407 2303 1522 2324; x_wconf 88' lang='lat' dir='ltr'>recen-</span> 
     </span>
     <span class='ocr_line' id='line_1_24' title="bbox 190 2344 940 2385; baseline 0.003 -11"><span class='ocrx_word' id='word_1_191' title='bbox 190 2345 304 2376; x_wconf 85' lang='lat' dir='ltr'>sendis</span> <span class='ocrx_word' id='word_1_192' title='bbox 321 2349 356 2375; x_wconf 87' lang='lat' dir='ltr'>et</span> <span class='ocrx_word' id='word_1_193' title='bbox 373 2346 595 2376; x_wconf 83' lang='lat' dir='ltr'>emendandis</span> <span class='ocrx_word' id='word_1_194' title='bbox 607 2344 614 2357; x_wconf 86' lang='lat'>’</span> <span class='ocrx_word' id='word_1_195' title='bbox 632 2345 807 2385; x_wconf 75' lang='lat' dir='ltr'>(sserolini,</span> <span class='ocrx_word' id='word_1_196' title='bbox 831 2345 940 2385; x_wconf 81' lang='lat'>1892).</span> 
     </span>
    </p>

    <p class='ocr_par' dir='ltr' id='par_1_4' title="bbox 191 2398 1520 2491">
     <span class='ocr_line' id='line_1_25' title="bbox 231 2398 1520 2440; baseline 0 -11"><span class='ocrx_word' id='word_1_197' title='bbox 231 2399 242 2416; x_wconf 80' lang='lat'><strong>²</strong></span> <span class='ocrx_word' id='word_1_198' title='bbox 266 2399 580 2438; x_wconf 66' lang='lat' dir='ltr'>Handsch7&#39;ifll1d1es</span> <span class='ocrx_word' id='word_1_199' title='bbox 596 2399 669 2431; x_wconf 82' lang='lat' dir='ltr'>und</span> <span class='ocrx_word' id='word_1_200' title='bbox 688 2399 929 2431; x_wconf 62' lang='lat' dir='ltr'>Texlkrt&#39;tisclies</span> <span class='ocrx_word' id='word_1_201' title='bbox 941 2411 984 2430; x_wconf 72' lang='lat' dir='ltr'>zu</span> <span class='ocrx_word' id='word_1_202' title='bbox 1001 2398 1134 2430; x_wconf 78' lang='lat' dir='ltr'>Cicero&#39;s</span> <span class='ocrx_word' id='word_1_203' title='bbox 1149 2399 1231 2440; x_wconf 83' lang='lat' dir='ltr'><em>Epp.</em></span> <span class='ocrx_word' id='word_1_204' title='bbox 1246 2398 1293 2430; x_wconf 80' lang='lat' dir='ltr'>ad</span> <span class='ocrx_word' id='word_1_205' title='bbox 1306 2399 1352 2430; x_wconf 93' lang='lat' dir='ltr'>M.</span> <span class='ocrx_word' id='word_1_206' title='bbox 1374 2398 1520 2430; x_wconf 80' lang='lat' dir='ltr'>Brutum</span> 
     </span>
     <span class='ocr_line' id='line_1_26' title="bbox 191 2451 816 2491; baseline 0 -10"><span class='ocrx_word' id='word_1_207' title='bbox 191 2451 212 2491; x_wconf 67' lang='lat' dir='ltr'>(f</span> <span class='ocrx_word' id='word_1_208' title='bbox 228 2451 425 2490; x_wconf 85' lang='lat' dir='ltr'>Philologus</span> <span class='ocrx_word' id='word_1_209' title='bbox 438 2451 444 2461; x_wconf 70' lang='lat'>³</span> <span class='ocrx_word' id='word_1_210' title='bbox 468 2452 562 2491; x_wconf 71' lang='lat'>1896,</span> <span class='ocrx_word' id='word_1_211' title='bbox 584 2462 640 2491; x_wconf 89' lang='lat' dir='ltr'>pp.</span> <span class='ocrx_word' id='word_1_212' title='bbox 659 2453 816 2490; x_wconf 19' lang='lat' dir='ltr'>318Q4o).</span> 
     </span>
    </p>
   </div>
   <div class='ocr_carea' id='block_1_4' title="bbox 1854 146 1867 410">
    <p class='ocr_par' dir='ltr' id='par_1_5' title="bbox 1854 146 1867 410">
     <span class='ocr_line' id='line_1_27' title="bbox 1854 146 1867 410; textangle 90"><span class='ocrx_word' id='word_1_213' title='bbox 1858 403 1860 410; x_wconf 81' lang='lat'><em>.</em></span> <span class='ocrx_word' id='word_1_214' title='bbox 1858 385 1860 392; x_wconf 44' lang='lat' dir='ltr'>v</span> <span class='ocrx_word' id='word_1_215' title='bbox 1854 146 1867 373; x_wconf 24' lang='lat' dir='ltr'>⁴&lt;-A.--A2cv.—</span> 
     </span>
    </p>
   </div>
  </div>
 </body>
</html>
