1871 2782
294 147 381 186 11.i
696 142 751 178 M.
784 140 954 177 TVLLI
985 138 1292 178 CICERONIS

289 257 397 295 2ille
435 268 475 293 se
514 260 694 292 senatum
734 249 890 301 negavit
927 257 1070 289 tenere.
1130 249 1306 288 Racilius
1344 248 1505 288 surrexit
1540 256 1578 288 et
1612 251 1662 288 de

331 319 485 358 iudiciis
516 319 656 356 referre
695 315 836 366 coepit.
896 314 1173 353 Marcellinum
1207 314 1368 364 quidem
1401 314 1571 364 primum
1606 328 1663 352 ro-

328 385 441 435 gavit.
503 385 542 421 Is
563 396 653 421 cum
678 381 843 432 graviter
863 381 913 419 de
935 379 1140 420 Clodianis
1169 378 1373 427 incendiis,
1397 379 1662 418 trucidationi-

329 451 413 496 bus,
436 446 746 498 lapidationibus
776 453 938 496 questus
967 452 1080 492 esset,
1109 444 1345 483 sententiam
1375 443 1480 491 dixit‘,
1505 452 1547 483 ut
1576 445 1660 495 ipse

328 513 477 552 iudices
498 526 566 563 per
586 518 807 562 praetorem
824 511 1018 549 urbanum
1034 510 1244 557 sortiretur,
1259 508 1436 548 iudicum
1457 509 1660 548 sortitione
1680 523 1697 554 5

326 580 428 617 facta
448 576 608 616 comitia
628 576 888 623 haberentur3
918 575 985 625 qui
1001 574 1146 613 iudicia
1161 574 1402 624 impedisset,
1418 588 1508 613 eum
1524 582 1660 613 contra

325 657 407 682 rem
441 642 641 693 publicam
674 654 759 679 esse
790 642 995 679 facturum.
1054 640 1287 690 Adprobata
1316 641 1431 678 valde
1465 639 1659 678 sententia

326 709 369 748 C.
405 709 506 748 Cato
540 714 675 745 contra
707 705 802 744 dixit
834 713 871 744 et
907 707 947 744 C.
983 704 1142 744 Cassius
1175 703 1345 743 maxima
1374 704 1659 743 acclamatione

324 780 494 820 senatus,
510 785 601 810 cum
618 770 777 809 comitia
797 770 951 809 iudiciis
967 771 1213 808 anteferrent.
1264 769 1469 820 Philippus
1481 770 1656 808 adsensit

281 844 305 880 3
325 839 505 876 Lentulo.
553 838 695 874 Postea
709 835 884 873 Racilius
901 836 950 873 de
966 834 1123 885 privatis
1144 848 1207 872 me
1226 834 1398 885 primum
1417 834 1653 873 sententiam
1675 851 1714 874 10

324 901 482 952 rogavit.
554 901 683 939 Multa
721 899 796 938 feci
834 899 954 938 verba
991 900 1042 937 de
1079 906 1165 937 toto
1202 900 1332 937 surore
1368 899 1654 949 latrocinioque

324 969 365 1006 P.
407 966 548 1015 Clodi3
597 974 799 1016 tamquam
847 979 957 1004 reum
999 964 1181 1003 accusavi
1223 964 1356 1003 multis
1394 972 1433 1004 et
1470 965 1655 1004 secundis

321 1032 750 1072 admurmurationibus
778 1032 910 1070 cuncti
937 1039 1106 1070 senatus.
1166 1031 1398 1070 Orationem
1414 1044 1544 1069 meam
1563 1044 1656 1069 con-

321 1097 494 1135 laudavit
518 1097 609 1135 satis
635 1096 768 1134 multis
789 1096 917 1135 verbis
944 1109 1025 1134 non
1050 1109 1114 1134 me
1138 1097 1297 1134 hercule
1320 1095 1507 1134 indiserte
1526 1096 1653 1133 Vetus

320 1161 527 1209 Antistius,
550 1162 661 1212 isque
681 1160 917 1199 iudiciorum
942 1174 1100 1199 causam
1125 1160 1298 1210 suscepit
1323 1159 1652 1210 antiquissimam·
1671 1173 1710 1206 15

321 1239 398 1276 que
428 1239 469 1265 se
498 1226 723 1264 habiturum
749 1225 854 1264 dixit.
915 1225 1052 1263 Ibatur
1071 1225 1111 1263 in
1132 1239 1219 1264 eam
1239 1225 1485 1263 sententiam.
1545 1226 1652 1262 Tum

322 1291 487 1330 Clodius
526 1298 682 1340 rogatus
722 1290 829 1329 diem
868 1289 1041 1328 dicendo
1083 1289 1253 1329 eximere
1295 1289 1451 1339 coepit3
1498 1289 1652 1327 furebat

319 1369 342 1393 a
381 1355 535 1394 Racilio
574 1369 615 1394 se
654 1354 939 1394 contumaciter
977 1355 1205 1404 urbaneque
1238 1361 1431 1392 vexatum.
1493 1353 1651 1391 Deinde

319 1421 402 1459 eius
424 1434 565 1471 operae
585 1429 746 1471 repente
766 1435 789 1459 a
803 1420 1049 1459 Graecostasi
1066 1427 1104 1458 et
1118 1419 1302 1469 gradibus
1323 1421 1536 1458 clamorem
1557 1419 1650 1458 satis

318 1499 504 1537 magnum
544 1488 793 1533 sustulerunt,
835 1485 985 1536 opinor,
1026 1484 1066 1524 in
1106 1486 1153 1534 Q.
1191 1484 1395 1523 Sextilium
1428 1491 1467 1522 et
1500 1483 1648 1523 amicos
1669 1499 1709 1521 20

319 1550 480 1588 Milonis
510 1550 702 1589 incitatae.
764 1552 824 1588 Eo
854 1557 962 1589 metu
991 1549 1136 1588 iniecto
1165 1556 1327 1600 repente
1356 1562 1498 1599 magna
1526 1548 1651 1599 queri-

316 1614 450 1652 monia
480 1614 658 1653 omnium
689 1614 952 1653 discessimus.

371 1680 509 1718 Habes
537 1686 625 1718 acta
654 1679 770 1718 unius
800 1679 878 1718 diei
892 1694 902 1728 3
931 1679 1091 1730 reliqua,
1122 1686 1165 1718 ut
1192 1679 1366 1726 arbitror,
1398 1678 1439 1716 in
1470 1692 1649 1717 mensem

316 1744 542 1782 Ianuarium
581 1743 799 1783 reicientur.
874 1746 936 1782 De
984 1744 1149 1782 tribunis
1196 1745 1246 1794 pl.
1287 1745 1405 1793 longe
1451 1743 1647 1793 optimum

314 1808 511 1847 Racilium
532 1810 735 1848 habemus.
798 1809 965 1848 Videtur
989 1809 1107 1848 etiam
1128 1808 1322 1847 Antistius
1351 1808 1501 1847 amicus
1530 1807 1646 1846 nobis
1668 1821 1705 1853 ²5

312 1875 393 1912 fore
407 1889 417 1922 3
447 1888 539 1912 nam
572 1874 754 1912 Plancius
787 1882 892 1913 totus
922 1882 1055 1913 noster
1083 1881 1151 1913 est.
1211 1876 1301 1922 Fac,
1324 1874 1440 1913 sime
1460 1887 1580 1921 amas,
1602 1881 1646 1912 ut

311 1938 557 1978 considerate
587 1939 872 1990 diligenterque
903 1939 1060 1990 naviges
1090 1940 1140 1978 de
1170 1953 1306 1978 mense
1336 1937 1561 1978 Decembri.

354 2049 401 2084 ῙῙ
631 2053 699 2085 Ser.
720 2054 850 2085 Romae
864 2054 920 2085 xiv
935 2054 977 2085 K.
997 2055 1089 2086 Febr.
1109 2065 1140 2086 a.
1160 2055 1225 2095 698
1243 2054 1321 2096 (56).

547 2118 739 2150 MARCVS
764 2119 942 2158 QVINTO
968 2119 1142 2150 FRATRI
1169 2119 1399 2152 SALVTEM.

274 2195 291 2221 1
363 2184 456 2222 Non
478 2185 750 2234 occupatione,
774 2199 852 2235 qua
878 2199 983 2224 eram
1011 2199 1104 2224 sane
1133 2185 1356 2235 impeditus,
1380 2187 1450 2224 sed
1478 2187 1638 2236 parvula
1658 2200 1701 2232 30

307 2247 541 2299 lippitudine
572 2251 767 2288 adductus
798 2264 884 2288 sum
919 2258 961 2288 ut
994 2250 1183 2289 dictarem
1217 2252 1319 2288 hanc
1353 2249 1560 2300 epistulam
1599 2259 1638 2290 et

350 2343 369 2373 5
394 2336 518 2365 iudices
537 2342 671 2374 praetor
688 2337 836 2366 urbanus
854 2335 947 2366 Man.
1041 2336 1061 2365 8
1086 2336 1123 2367 C.
1144 2336 1220 2368 add.
1240 2336 1355 2367 Baiter
1441 2348 1462 2375 9
1486 2338 1637 2368 adsensit

305 2376 361 2409 M:
386 2379 533 2409 adsentit
547 2379 718 2409 Diomedes
736 2380 793 2419 (ed.
811 2380 885 2409 Keil
896 2380 914 2410 i.
930 2380 1005 2419 381.
1022 2381 1078 2421 26)
1172 2381 1210 2410 18
1228 2380 1458 2419 inurbaneque
1471 2380 1504 2410 R
1516 2380 1639 2412 Miiller

304 2431 347 2459 30
370 2422 450 2462 qua]
469 2432 670 2462 quamquam
690 2422 874 2454 Gulielmus
