1871 2782
279 168 332 205 ΙΙ.
350 166 398 203 iii
711 163 768 200 M.
799 162 968 200 TVLLI
998 160 1306 200 CICERONIS

344 286 491 320 summ,
519 286 639 323 quam
668 271 873 323 reciperari
901 271 1015 311 facile
1051 278 1110 310 est
1139 284 1269 322 neque
1302 270 1432 309 minus
1466 278 1578 321 turpe
1606 278 1674 310 aut

343 338 580 389 flagitiosum
610 336 681 376 erit
709 344 799 387 post
827 336 1042 394 reciperari.

299 417 324 444 2
396 403 595 442 Antonius
642 403 774 441 adhuc
813 408 871 441 est
915 401 1134 449 nobiscum,
1177 401 1248 440 sed
1286 400 1442 439 medius
1480 400 1596 439 fidius
1634 408 1673 439 et

343 482 504 507 moveor
541 467 714 507 hominis
752 466 934 517 precibus
973 473 1011 505 et
1049 466 1171 505 timeo
1209 480 1260 505 ne
1298 465 1409 517 illum
1451 465 1672 515 aliquorum

341 535 447 572 furor
479 532 657 584 excipiat.
718 533 840 570 Plane
872 539 1021 570 aestuo.
1082 531 1204 580 Quod
1236 530 1268 568 si.
1302 530 1442 568 scirem
1476 530 1572 579 quid
1601 529 1673 568 tibi
1692 543 1709 575 5

341 600 522 650 placeret,
555 598 639 637 sine
669 596 934 636 sollicitudine
964 609 1090 635 essem
1107 610 1117 644 ς
1156 595 1197 633 id
1227 594 1333 633 enim
1363 594 1558 645 optimum
1587 608 1672 633 esse

341 678 570 715 persuasum
591 670 693 702 esset
714 662 820 700 mihi.
881 663 973 710 Qua
998 675 1039 700 re
1063 674 1182 711 quam
1211 660 1383 711 primum
1412 661 1473 698 fac
1502 674 1566 699 me
1594 673 1673 698 cer-

297 739 321 776 3
342 729 479 768 tiorem
507 729 603 780 quid
633 728 704 767 tibi
732 730 896 778 placeat.
957 726 1116 766 Cassius
1146 733 1280 764 noster
1308 726 1468 776 Syriam,
1497 725 1671 775 legiones

339 793 514 844 Syriacas
545 793 665 831 habet
695 793 798 831 ultro
831 791 994 841 quidem
1023 805 1047 829 a
1072 792 1214 829 Murco
1248 797 1286 828 et
1312 804 1335 828 a
1365 790 1518 829 Marcio
1548 797 1587 829 et
1619 790 1670 829 ab

338 858 508 898 exercitu
538 858 624 909 ipso
652 857 871 896 arcessitus.
932 858 1018 906 Ego
1047 855 1183 906 scripsi
1211 856 1263 894 ad
1292 855 1467 894 Tertiam
1496 869 1669 894 sororem
1691 872 1730 895 10

337 931 375 962 et
396 931 560 962 matrem
581 936 631 961 ne
651 921 757 973 prius
778 922 941 961 ederent
965 922 1042 960 hoc
1063 922 1171 971 quod
1199 920 1348 971 optime
1373 935 1420 959 ac
1446 921 1671 960 felicissime

336 988 455 1038 gessit
479 987 639 1028 Cassius
669 1000 788 1038 quarn
818 994 930 1025 tuum
965 985 1174 1025 consilium
1208 985 1485 1036 cognovissent
1518 985 1670 1037 tibique

337 1053 463 1092 visum
488 1061 600 1093 esset.

289 1128 316 1167 4
392 1119 487 1168 Legi
516 1118 713 1158 orationes
743 1119 842 1157 duas
871 1124 969 1165 tuas,
996 1131 1162 1168 quarum
1190 1118 1312 1156 altera
1341 1118 1430 1156 Kal.
1460 1118 1544 1156 Ian.
1573 1130 1668 1155 usus

335 1197 388 1232 es,
419 1186 539 1223 altera
572 1185 623 1222 de
654 1184 790 1222 litteris
825 1183 933 1230 meis,
962 1196 1064 1233 quae
1098 1182 1234 1222 habita
1263 1190 1321 1222 est
1354 1183 1425 1221 abs
1459 1189 1498 1220 te
1530 1189 1668 1220 contra
1688 1197 1726 1230 15

335 1250 541 1289 Calenum.
602 1250 720 1287 Nunc
750 1248 899 1287 seilicet
927 1249 1005 1287 hoc
1033 1256 1236 1299 exspectas
1267 1250 1363 1287 dum
1395 1261 1461 1286 eas
1494 1248 1664 1286 laudern.

335 1314 482 1354 Nescio
507 1314 628 1353 animi
654 1328 705 1352 an
734 1313 866 1364 ingeni
894 1313 951 1352 tui
981 1312 1105 1352 maior
1134 1313 1174 1351 in
1203 1313 1263 1352 his
1292 1313 1433 1352 libellis
1462 1315 1546 1351 laus
1575 1327 1667 1351 con-

335 1378 504 1417 tineatur
517 1393 528 1427 3
561 1378 639 1417 iam
668 1379 848 1417 concedo
871 1385 914 1416 ut
938 1379 998 1417 vel
1027 1377 1236 1429 Philippici
1264 1386 1465 1426 vocentur,
1487 1378 1596 1428 quod
1622 1385 1665 1417 tu

335 1445 507 1495 quadam
534 1444 701 1495 epistula
727 1444 862 1483 iocans
888 1443 1087 1494 scripsisti.

289 1515 315 1554 5
390 1510 556 1548 Duabus
586 1510 702 1548 rebus
730 1522 903 1560 egemus,
927 1508 1078 1556 Cicero,
1101 1508 1271 1559 pecunia
1296 1516 1334 1547 et
1362 1510 1640 1558 supplemento
1653 1523 1664 1558 3
1684 1524 1724 1546 20

334 1587 499 1623 quarum
529 1575 648 1612 altera
670 1581 800 1623 potest
820 1574 890 1612 abs
911 1581 950 1612 te
971 1573 1145 1624 expediri
1166 1582 1207 1612 ut
1227 1574 1358 1624 aliqua
1377 1587 1465 1624 pars
1495 1573 1664 1612 militum

332 1637 446 1677 istinc
477 1638 652 1677 mittatur
680 1638 795 1677 nobis
821 1640 883 1677 vel
912 1647 1063 1677 secreto
1092 1639 1258 1677 consilio
1286 1640 1472 1677 adversus
1494 1640 1664 1677 Pansam

331 1705 392 1742 vel
413 1703 568 1743 actione
589 1703 629 1742 in
650 1712 799 1751 senatu,
822 1705 942 1742 altera
962 1717 1042 1754 quo
1063 1703 1185 1754 magis
1206 1712 1264 1742 est
1288 1703 1508 1742 necessaria
1533 1717 1663 1754 neque

332 1782 422 1806 meo
461 1769 645 1807 exercitui
684 1769 806 1818 magis
840 1783 959 1819 quam
994 1769 1244 1819 reliquorum,
1277 1770 1354 1807 hoc
1388 1768 1510 1818 magis
1544 1770 1662 1807 doleo

330 1832 467 1870 Asiam
506 1847 579 1871 nos
616 1833 818 1881 amisisse3
865 1847 984 1883 quam
1014 1833 1069 1871 sic
1095 1833 1223 1872 vexari
1251 1847 1275 1871 a
1305 1834 1514 1872 Dolabella
1541 1833 1661 1872 audio
1681 1849 1720 1882 ²5

331 1907 372 1936 ut
400 1898 476 1936 iam
505 1913 585 1937 non
606 1899 784 1937 videatur
810 1899 1126 1938 crudelissimum
1153 1899 1236 1938 eius
1263 1899 1413 1937 facinus
1443 1899 1661 1939 interfectio

329 1963 515 2002 Treboni.
576 1966 700 2003 Vetus
721 1964 916 2003 Antistius
938 1979 1001 2004 me
1022 1972 1155 2004 tamen
1175 1965 1343 2015 pecunia
1363 1965 1590 2003 sublevavit.

281 2034 309 2071 6
385 2028 536 2077 Cicero,
559 2029 661 2068 filius
682 2038 783 2077 tuus,
807 2030 862 2069 sic
883 2030 980 2068 mihi
1005 2045 1047 2069 se
1070 2031 1210 2082 probat
1237 2030 1437 2078 industria,
1460 2030 1658 2081 patientia,

327 2093 471 2140 labore,
495 2094 616 2132 animi
642 2095 922 2144 magnitudine,
946 2096 1055 2134 omni
1081 2096 1254 2146 denique
1275 2096 1404 2135 officio
1435 2103 1477 2134 ut
1503 2110 1660 2147 prorsus

327 2171 545 2208 numquam
578 2159 775 2198 dimittere
807 2160 985 2199 videatur
1013 2160 1293 2211 cogitationem
1327 2160 1437 2199 cuius
1467 2160 1515 2199 sit
1544 2161 1655 2200 filius.
1678 2177 1719 2207 30

327 2223 418 2270 Qua
438 2237 478 2261 re
507 2223 696 2273 quoniam
724 2224 875 2263 efficere
906 2238 987 2263 non
1014 2238 1176 2275 possum
1203 2233 1245 2263 ut
1268 2225 1388 2275 pluris
1417 2225 1536 2263 facias
1566 2240 1658 2265 eum

369 2337 388 2356 2
414 2327 487 2366 erit,
508 2328 534 2357 si
554 2333 674 2366 potest,
698 2339 762 2359 non
784 2329 963 2368 reciperari
984 2329 1099 2361 Lamb.
1254 2330 1274 2359 8
1297 2339 1337 2360 ac
1354 2328 1508 2369 legiones
1529 2329 1656 2360 [Vescu-

324 2368 399 2409 bcrg
529 2381 569 2408 23
594 2377 723 2403 senatu.
752 2372 859 2402 altera
884 2383 949 2411 quo
975 2373 1075 2412 (quae
1102 2372 1206 2411 Crat.)
1231 2374 1360 2412 magis.
1381 2397 1388 2404 .
1410 2398 1417 2404 .
1438 2373 1652 2413 reliquorum,

325 2412 388 2443 hoc
406 2412 592 2452 Lehmann,
612 2413 751 2444 Mullcr:
767 2416 848 2454 sort.
869 2420 1001 2454 senatu,
1022 2417 1063 2446 ab
1082 2416 1155 2455 ipso
1172 2421 1290 2447 senatu
1308 2416 1423 2451 altera„
1445 2428 1530 2456 quae
1548 2418 1655 2457 magis

351 2479 358 2486 .
378 2479 384 2486 .
407 2457 620 2496 reliquorum.
659 2458 735 2489 Hoc
869 2468 910 2498 25
934 2469 1033 2498 quam
1052 2459 1231 2500 Sigonius:
1255 2470 1354 2500 quem
1372 2459 1461 2492 codd.
