1871 2782
649 173 761 212 EPP.
793 174 870 212 AD
901 175 1138 212 BRVTVM
1510 176 1540 213 Ι.
1558 176 1650 213 xvii

228 285 281 324 ita
302 285 411 324 timet
432 285 678 336 profligatum
701 293 742 324 ut
763 299 892 336 neque
912 286 1130 336 potentiam
1151 286 1234 325 eius
1255 286 1320 337 qui
1343 287 1555 326 exercitum

228 350 416 389 victorem
437 350 580 389 habeat
600 363 729 400 neque
750 350 1009 389 temeritatem
1032 351 1140 401 pueri
1165 359 1275 401 putet
1303 352 1556 392 extimescen-

227 415 319 452 dam
340 417 454 454 esse?
509 417 573 453 An
599 416 674 453 hoc
696 415 824 465 ipsum
846 428 892 453 ea
912 429 951 454 re
972 415 1074 462 facit,
1096 417 1205 465 quod
1226 416 1279 453 illi
1300 425 1457 467 propter
1475 431 1554 456 am-

227 478 461 528 plitudinem
478 479 611 517 onmia
627 479 704 518 iam
720 481 901 529 ultroque
917 481 1129 518 deferenda
1148 482 1289 530 putat?
1318 482 1354 520 O
1371 495 1551 532 magnam

190 553 207 583 5
228 543 430 582 stultitiam
452 544 611 592 timoris,
633 545 673 584 id
694 543 823 594 ipsum
843 545 953 594 quod
972 544 1137 583 verearis
1158 545 1210 583 ita
1229 559 1366 584 cavere
1385 554 1437 593 ut,
1461 560 1551 585 cum

227 607 346 647 vitare
367 610 527 649 fortasse
554 609 736 661 potueriS‚
760 610 861 648 ultro
880 622 1052 648 arcessas
1071 616 1111 647 et
1132 611 1314 648 attrahas.
1374 610 1552 649 Nimium

227 671 411 712 timemus
433 683 599 713 mortem
623 682 662 713 et
689 673 867 712 exsilium
894 681 933 712 et
960 681 1240 724 paupertatem.
1302 676 1416 713 Haec
1443 675 1552 712 nimi-

226 750 311 775 rum
332 738 514 777 videntur
534 738 717 778 Ciceroni
738 738 876 776 ultima
895 751 980 777 esse
1008 738 1047 776 in
1076 738 1187 776 malis
1212 746 1262 786 et,
1286 740 1382 777 dum
1409 739 1553 777 habeat

226 814 249 839 a
269 802 411 851 quibus
432 803 612 854 impetret
628 817 729 854 quae
745 803 837 842 velit
858 811 895 841 et
915 816 938 841 a
958 803 1102 853 quibus
1122 805 1274 841 colatur
1292 817 1338 842 ac
1358 805 1548 849 laudetur,

170 878 208 900 10
227 867 463 915 servitutem,
487 869 744 907 honorificam
766 869 897 915 modo,
921 881 1002 906 non
1022 876 1262 918 aspernatur,
1285 869 1316 906 si
1338 868 1551 919 quicquam

226 930 266 968 in
287 940 459 970 extrema
474 946 520 971 ac
536 932 751 972 miserrima
766 932 1005 971 contumelia
1024 940 1154 983 potest
1174 932 1435 971 honorificum
1452 946 1548 971 esse.

227 995 338 1034 Licet
372 1010 462 1046 ergo
501 1005 651 1047 patrem
688 999 860 1047 appellet
899 997 1087 1036 Octavius
1127 997 1372 1044 Ciceronem,
1413 999 1550 1036 referat
1570 1008 1594 1046 5

226 1060 372 1109 omnia,
404 1063 547 1109 laudet,
583 1062 722 1112 gratias
753 1069 853 1111 agat,
886 1069 1020 1100 tamen
1057 1062 1154 1100 illud
1192 1062 1395 1112 apparebit
1433 1063 1552 1100 verba

226 1126 342 1164 rebus
363 1139 447 1165 esse
468 1126 670 1165 contraria.
728 1126 840 1175 Quid
858 1126 965 1164 enim
985 1134 1066 1164 tam
1091 1126 1265 1165 alienum
1291 1127 1341 1165 ab
1368 1127 1552 1165 humanis

170 1203 206 1234 15
227 1190 406 1229 sensibus
440 1198 498 1229 est
531 1204 651 1241 quam
682 1204 776 1229 eum
809 1190 928 1240 patris
961 1191 1106 1229 habere
1139 1192 1229 1228 loco
1259 1190 1328 1240 qui
1361 1204 1411 1229 ne
1442 1191 1553 1229 liberi

226 1255 389 1305 quidem
415 1255 586 1294 hominis
615 1268 780 1295 numero
807 1255 885 1292 sit?
940 1254 1063 1304 Atqui
1090 1267 1140 1293 eo
1164 1254 1301 1301 tendit,
1325 1254 1364 1293 id
1390 1254 1479 1305 agit,
1501 1256 1553 1293 ad

226 1333 317 1358 eum
339 1319 485 1358 exitum
511 1327 692 1370 properat
710 1319 769 1357 vir
793 1318 967 1369 optimus
994 1326 1037 1357 ut
1061 1319 1112 1357 sit
1137 1318 1192 1356 illi
1212 1319 1401 1358 Octavius
1428 1319 1554 1369 propi-

226 1383 312 1421 tius.
372 1385 458 1434 Ego
487 1397 579 1422 vero
605 1383 683 1422 iam
708 1383 756 1422 iis
781 1383 930 1422 artibus
955 1383 1053 1422 nihil
1078 1383 1210 1421 tribuo
1234 1383 1378 1433 quibus
1400 1383 1554 1423 Cicero-

226 1462 318 1486 nem
339 1448 420 1487 scio
441 1448 784 1487 instructissimum
801 1461 896 1486 esse.
945 1447 1056 1497 Quid
1070 1447 1178 1486 enim
1198 1448 1253 1486 illi
1272 1456 1435 1499 prosunt
1451 1462 1553 1498 quae

169 1531 207 1554 20
226 1527 297 1565 pro
325 1513 503 1552 libertate
532 1513 689 1564 patriae,
718 1515 770 1551 de
798 1512 1000 1563 dignitate,
1026 1526 1128 1563 quae
1156 1514 1208 1551 de
1237 1520 1372 1560 morte,
1404 1512 1550 1560 exsilio,

226 1586 456 1630 paupertate
476 1578 629 1629 scripsit
651 1577 954 1629 copiosissime?
1009 1579 1172 1627 Quanto
1192 1586 1324 1617 autem
1346 1577 1468 1627 magis
1489 1577 1554 1615 illa

226 1645 366 1683 callere
386 1643 539 1682 videtur
560 1643 764 1694 Philippus
784 1643 853 1694 qui
873 1642 1052 1693 privigno
1078 1642 1208 1681 minus
1235 1643 1412 1681 tribuerit
1431 1656 1551 1693 quam

227 1708 368 1749 Cicero
394 1708 462 1758 qui
490 1708 619 1747 alieno
643 1708 812 1747 tribuat!
871 1707 1036 1746 Desinat
1062 1707 1176 1758 igitur
1201 1708 1407 1758 gloriando
1434 1707 1552 1746 etiam

226 1773 406 1812 insectari
436 1774 592 1812 dolores
626 1782 791 1812 nostros.
850 1772 961 1822 Quid
985 1772 1093 1811 enim
1124 1780 1257 1811 nostra
1287 1772 1433 1810 victum
1467 1785 1552 1810 esse

168 1855 207 1888 25
227 1838 460 1886 Antonium,
498 1838 530 1876 si
566 1837 691 1876 victus
730 1845 790 1876 est
827 1845 869 1875 ut
911 1837 977 1875 alii
1015 1844 1169 1875 vacaret
1206 1838 1314 1886 quod
1352 1836 1416 1874 ille
1455 1836 1552 1874 obti-

226 1902 341 1941 nuit?
396 1902 572 1941 Tametsi
601 1910 691 1940 tuae
720 1901 869 1941 litterae
897 1902 1019 1941 dubia
1044 1901 1162 1940 etiam
1189 1915 1294 1940 nunc
1319 1901 1548 1951 significant.
1570 1907 1596 1944 6

226 1967 343 2005 Vivat
373 1969 531 2006 hercule
566 1967 716 2014 Cicero,
747 1966 816 2016 qui
849 1974 988 2016 potest,
1020 1967 1185 2016 supplex
1217 1973 1256 2004 et
1286 1966 1490 2012 obnoxius,
1520 1965 1552 2004 si

227 2045 356 2082 neque
376 2031 512 2070 aetatis
533 2044 662 2081 neque
682 2032 878 2069 honorum
898 2044 1027 2080 neque
1043 2044 1170 2069 rerum
1190 2038 1385 2081 gestarum
1406 2032 1553 2081 pudet3

227 2110 300 2147 ego
320 2104 424 2135 certe
440 2095 535 2146 quin
555 2109 646 2134 cum
667 2095 752 2145 ipsa
771 2109 810 2134 re
831 2095 978 2134 bellum
998 2108 1140 2145 geram,
1156 2096 1233 2134 hoc
1248 2103 1306 2134 est
1322 2109 1412 2133 cum
1433 2108 1553 2145 regno

168 2179 209 2210 30
227 2170 266 2200 et
295 2160 466 2211 imperiis
493 2159 804 2199 extraordinariis
831 2166 869 2198 et
895 2159 1167 2198 dominatione
1190 2167 1229 2198 et
1255 2159 1432 2210 potentia
1452 2172 1553 2210 quae

228 2239 344 2276 supra
364 2227 468 2275 leges
494 2238 536 2264 sc
562 2238 647 2262 esse
667 2224 770 2271 velit,
792 2225 899 2262 nulla
925 2224 996 2263 erit
1027 2232 1105 2263 tam
1133 2226 1238 2264 bona
1268 2225 1452 2264 condicio
1479 2238 1554 2264 ser-

271 2340 291 2368 4
315 2329 402 2360 ultro
420 2329 555 2368 quidem
572 2330 650 2360 coni.
672 2329 797 2360 Mzrller
919 2339 936 2367 7
962 2330 1115 2359 nimirum
1128 2328 1265 2368 Stangl:
1292 2329 1370 2359 mihi
1389 2329 1448 2359 M:
1472 2329 1552 2359 mihi

229 2373 317 2404 levia
333 2372 473 2413 Madvig
601 2383 642 2403 20
666 2384 752 2412 quae
770 2373 810 2403 de
827 2371 945 2403 Lamb.
1089 2382 1129 2410 23
1152 2373 1207 2410 qui
1225 2371 1312 2403 codd.
1329 2383 1335 2401 :
1360 2371 1419 2403 del.
1440 2372 1528 2413 vulg.
1545 2383 1552 2403 :

218 2418 301 2456 sort.
318 2426 418 2456 quam
437 2416 526 2456 quod
545 2416 665 2447 Cicero
680 2416 789 2447 alieno
921 2426 960 2454 24
985 2420 1099 2446 nostra
1116 2415 1218 2446 refert
1235 2413 1423 2457 Wesenberg
