1871 2782
234 144 291 182 ΙΙ.
309 144 357 181 iv
675 143 731 180 M.
763 142 932 179 TVLLI
963 142 1269 181 CICERONIS

306 254 449 305 quibus
471 267 534 292 me
555 253 773 304 perlibente
795 252 931 292 Sevius
955 253 1102 292 adlisus
1129 260 1198 300 est,
1222 252 1340 292 ceteri
1361 252 1634 291 conciduntur.

307 322 351 360 C.
376 322 476 360 Cato
502 319 752 358 contionatus
778 326 836 358 est
865 318 1025 358 comitia
1051 318 1186 357 haberi
1213 332 1294 357 non
1321 318 1485 356 siturum
1507 317 1538 356 si
1564 318 1638 356 sibi

307 398 397 424 curn
419 386 567 435 populo
590 384 674 422 dies
695 383 838 434 agendi
859 391 990 423 essent
1010 384 1192 434 exempti.
1251 383 1406 434 Appius
1425 397 1449 421 a
1470 384 1638 423 Caesare

307 451 487 488 nondum
509 449 685 489 redierat.

265 521 289 563 7
361 517 468 553 Tuas
503 515 665 554 mirifice
705 515 850 554 litteras
889 522 1096 566 exspecto3
1139 513 1248 564 atqui
1289 514 1420 552 adhuc
1459 514 1636 551 clausum
1656 525 1673 556 5

308 594 414 619 mare
435 581 553 619 fuisse
575 581 668 628 scio,
688 582 758 619 sed
779 582 973 631 quosdam
994 580 1148 619 venisse
1168 586 1302 617 tamen
1318 578 1437 617 Olbia
1452 577 1638 616 dicebant

308 645 376 696 qui
397 653 434 685 te
456 646 571 685 unice
592 647 796 685 laudarent
812 645 1047 696 plurimique
1068 644 1108 682 in
1128 643 1330 694 provincia
1349 642 1431 681 fieri
1451 642 1636 680 dicerent.

309 712 485 750 Eosdem
524 711 682 750 aiebant
720 710 900 749 nuntiare
935 717 972 748 te
1006 709 1133 759 prima
1165 707 1413 758 navigatione
1444 706 1640 745 transmis-

308 789 452 814 surum.
514 778 562 814 Id
584 775 701 826 cupio
722 782 770 822 et,
795 788 1036 824 quamquam
1062 781 1100 811 te
1125 772 1255 822 ipsum
1282 771 1430 810 scilieet
1457 770 1637 818 maxime,

308 848 442 879 tamen
463 840 581 879 etiarn
602 840 748 878 litteras
769 846 854 877 tuas
874 845 966 877 ante
986 844 1181 888 exspecto.
1242 835 1302 874 Mi
1322 837 1446 882 frater,
1470 837 1565 874 vale.
1662 849 1701 871 10

351 961 393 997 V
437 964 506 998 Sc».
520 965 722 1006 proficiscens
739 965 773 996 in
789 964 1016 1005 Anagninum
1033 974 1063 994 a.
1085 962 1115 994 d.
1135 963 1169 993 vi
1180 962 1262 993 Idus
1278 961 1362 1002 Apr.
1382 973 1411 992 cr.
1432 962 1497 1003 698
1515 961 1593 1003 (56).

553 1041 745 1073 MARCVS
770 1040 949 1081 QVINTO
976 1039 1150 1071 FRATRI
1177 1039 1406 1070 SALVTEM.

272 1131 290 1158 1
365 1121 563 1158 Dederam
584 1120 635 1157 ad
656 1126 693 1157 te
714 1118 860 1157 litteras
873 1125 990 1156 antea
1010 1116 1154 1167 quibus
1168 1123 1248 1154 erat
1264 1115 1451 1165 scriptum
1468 1114 1639 1153 Tulliam

309 1192 482 1224 nostram
510 1183 734 1234 Crassipedi
759 1198 812 1234 pr.
836 1185 939 1221 Αἴθη.
961 1182 1081 1232 April.
1112 1195 1197 1220 esse
1224 1183 1473 1231 desponsam,
1498 1188 1640 1219 cetera-

308 1263 385 1299 que
415 1251 465 1287 de
494 1263 534 1287 re
563 1248 722 1299 publica
749 1248 977 1298 privataque
1006 1246 1317 1297 perscripseram.
1377 1247 1520 1284 Postea
1548 1253 1639 1283 sunt
1660 1263 1698 1295 15

309 1316 407 1352 haec
433 1321 542 1352 acta:
574 1315 677 1352 Non.
711 1314 803 1363 Apr.
841 1320 999 1351 senatus
1033 1313 1214 1351 consulto
1249 1310 1441 1361 Pompeio
1472 1310 1637 1361 pecunia

310 1381 467 1418 decreta
500 1378 540 1416 in
570 1392 652 1417 rem
681 1377 975 1416 frumentariam
1005 1378 1056 1415 ad
1088 1379 1159 1415 HS
1196 1372 1329 1429 iffi!
1389 1377 1467 1414 Sed
1497 1377 1639 1414 eodem

309 1444 374 1483 die
403 1445 656 1482 vehementer
683 1450 816 1481 actum
845 1444 895 1481 de
926 1456 1018 1493 agro
1047 1443 1254 1492 Campano
1283 1443 1453 1479 clamore
1483 1447 1639 1478 senatus

311 1523 433 1560 prope
454 1509 678 1547 contionali.
738 1508 942 1546 Acriorem
966 1521 1125 1546 causam
1152 1507 1285 1558 inopia
1311 1505 1502 1557 pecuniae
1528 1505 1641 1544 facie-

268 1585 293 1612 2
313 1576 378 1613 bat
394 1582 431 1613 et
447 1588 629 1613 annonae
649 1573 797 1612 caritas.
844 1575 938 1612 Non
953 1573 1259 1624 praetermittam
1275 1587 1325 1611 ne
1341 1572 1437 1610 illud
1455 1571 1615 1621 quidem
1632 1585 1639 1609 :
1663 1590 1700 1612 20

312 1642 367 1678 M.
388 1640 548 1678 Furium
570 1641 768 1687 Flaccum,
784 1638 958 1689 equitem
980 1641 1219 1685 Romanurn,
1235 1637 1439 1676 hominem
1454 1649 1636 1686 nequam,

311 1704 523 1755 Capitolini
548 1711 587 1743 et
609 1703 861 1742 Mercuriales
889 1705 938 1742 de
965 1703 1145 1753 conlegio
1175 1702 1373 1742 eiecerunt
1393 1708 1639 1752 praesentem

309 1771 359 1809 ad
380 1771 501 1821 pedes
522 1769 638 1808 unius
659 1769 849 1819 cuiusque
870 1768 1074 1807 iacentem.
1136 1767 1319 1806 Exiturus

365 1833 442 1888 [VI
487 1833 576 1887 1-3]
616 1848 648 1872 a.
676 1836 712 1872 d.
750 1846 824 1871 vlu
866 1835 962 1872 Idus
995 1832 1140 1883 Aprilis
1178 1832 1376 1883 sponsalia
1414 1831 1639 1882 Crassipedi

308 1892 481 1951 praebui.
534 1899 643 1937 Huic
670 1898 851 1937 convivio
877 1912 974 1948 puer
1001 1898 1183 1948 optimus,
1209 1898 1381 1946 Quintus
1402 1905 1492 1935 tuus
1514 1910 1639 1935 meus·
1660 1914 1697 1945 25

309 1980 396 2016 quey
420 1966 528 2015 quod
548 1963 754 2015 perleviter
773 1970 998 2002 commotus
1019 1964 1153 2009 fuerat,
1172 1962 1306 2001 defuit.
1350 1965 1396 2000 A.
1413 1963 1449 2001 d.
1469 1975 1526 2000 V11
1543 1963 1639 2000 Idus

309 2030 453 2081 Aprilis
474 2030 562 2068 veni
582 2031 634 2068 ad
656 2028 851 2078 Quintum
872 2042 1043 2079 eumque
1070 2028 1149 2067 vidi
1173 2030 1289 2078 plane
1316 2027 1520 2078 integrum,
1544 2029 1640 2065 mul-

310 2104 473 2145 tumque
494 2095 525 2133 is
548 2108 703 2133 mecum
725 2107 947 2133 sermonem
969 2093 1106 2132 habuit
1127 2101 1165 2132 et
1184 2095 1473 2144 perhumanum
1495 2094 1544 2131 de
1565 2091 1640 2130 dis-

357 2211 370 2231 1
399 2200 517 2231 Sevius
542 2198 601 2230 M:
638 2200 775 2230 Servius
801 2201 854 2237 (sc.
875 2199 971 2239 Pola)
1001 2199 1109 2238 Orelli,
1129 2198 1165 2238 cf
1188 2209 1235 2229 11.
1260 2209 1289 2236 1,
1313 2197 1410 2228 Fam.
1437 2197 1502 2227 viii.
1528 2206 1574 2228 12.
1596 2207 1637 2235 2;

310 2245 395 2275 idem
413 2243 539 2274 videtur
552 2254 616 2273 esse
632 2254 669 2274 ac
682 2243 843 2274 Servaeus
858 2244 957 2274 Fam.
978 2243 1043 2274 viii.
1062 2254 1091 2281 4.
1114 2253 1143 2280 2,
1162 2243 1198 2281 cf
1218 2242 1292 2272 adn.
1314 2241 1361 2271 ad
1375 2241 1428 2271 loc.
1558 2251 1577 2271 2
1600 2250 1637 2270 se

311 2288 443 2318 comitia
460 2287 579 2317 Lamb.
710 2298 729 2326 3
754 2298 828 2318 cum
847 2287 971 2327 populo
988 2287 1009 2316 I
1022 2287 1108 2325 vulg.
1128 2298 1135 2316 ι
1160 2297 1177 2316 a
1194 2285 1317 2325 populo
1336 2284 1395 2315 M:
1419 2285 1460 2315 ad
1478 2285 1636 2324 populum

315 2331 505 2371 lVesenberg
624 2341 642 2370 5
667 2333 757 2371 atqui
774 2332 903 2362 Baiter:
926 2336 1025 2370 atque
1043 2329 1084 2359 M
1199 2331 1220 2358 6
1244 2329 1343 2359 Olbia
1360 2327 1453 2359 Man.
1470 2339 1476 2358 :
1501 2328 1584 2358 ostia
1601 2326 1643 2356 M

316 2386 351 2413 14
379 2375 465 2406 Non.
483 2375 559 2406 add.
581 2380 651 2407 vett.
871 2385 912 2413 23
938 2374 1114 2411 Exiturusl
1132 2373 1166 2404 in
1182 2372 1271 2403 codd.
1293 2382 1367 2403 cum
1385 2376 1455 2403 erat
1472 2382 1501 2410 4.
1522 2381 1541 2401 2
1559 2370 1576 2401 l.
1596 2380 1636 2409 27

311 2419 516 2449 com'unclum
650 2420 692 2449 26
716 2429 764 2449 vn
788 2418 997 2458 Wesenbmg:
1020 2427 1055 2447 vr
1074 2416 1115 2447 M
