1871 2782
263 126 328 166 1.i
645 126 702 164 M.
734 127 904 164 TVLLI
936 127 1242 166 CICERONIS

285 236 474 275 meditere
503 235 765 275 resistendum
794 251 879 277 esse
904 237 1139 285 iracundiae,
1169 252 1342 289 cumque
1372 252 1418 278 ea
1447 239 1618 279 maxime

284 301 460 340 animum
491 309 646 340 moveat
677 309 760 340 turn
786 302 857 341 tibi
878 316 963 342 esse
993 303 1292 353 diligentissime
1322 303 1497 354 linguam
1527 318 1618 343 con-

284 365 513 414 tinendam,
556 380 657 416 quae
687 367 849 417 quidem
878 367 975 406 mihi
999 368 1120 407 virtus
1147 368 1348 406 interdum
1377 383 1459 407 non
1489 369 1618 407 minor

284 429 438 468 videtur
457 444 576 480 quam
597 431 762 470 omnino
782 446 863 471 non
884 432 1006 471 irasci.
1066 435 1171 471 Nan*
1192 433 1289 471 illud
1310 440 1368 471 est
1388 447 1469 471 non
1490 435 1618 472 solum

284 494 481 543 gravitatis
511 497 581 534 sed
608 510 689 534 non
714 510 933 546 numquam
961 497 1079 536 etiam
1104 497 1350 536 lentitudinis
1364 512 1375 546 3
1423 498 1617 537 moderari
1637 508 1654 539 5

284 572 376 597 vero
397 567 435 597 et
458 560 591 599 animo
612 568 651 599 et
671 560 838 600 orationi
859 575 950 599 cum
967 561 1018 600 sis
1043 561 1171 608 iratus,
1194 570 1262 600 aut
1292 561 1409 600 etiam
1431 569 1558 601 tacere
1579 570 1618 602 et

284 630 417 662 tenere
443 624 483 662 in
513 638 584 663 sua
607 633 801 675 potestate
833 633 985 664 motum
1015 626 1137 664 animi
1168 634 1206 664 et
1230 627 1420 674 dolorem,
1444 626 1515 665 etsi
1535 640 1617 666 non

284 695 343 725 est
375 690 570 738 perfectae
600 689 825 740 sapientiae,
859 698 992 728 tamen
1025 698 1083 728 est
1117 704 1199 728 non
1232 690 1442 729 mediocris
1471 690 1613 741 ingeni.

221 764 263 796 39
283 753 415 801 Atque
453 752 493 790 in
532 755 608 792 hoc
645 768 787 804 genere
826 756 950 793 multo
989 762 1027 792 te
1066 768 1151 793 esse
1184 754 1263 792 iam
1301 755 1614 794 commodiorem

217 1247 262 1285 14

218 1308 262 1339 40

217 1739 257 1772 41

282 815 556 867 mitioremque
588 818 780 857 nuntiant.
841 820 984 857 Nullae
1017 826 1107 857 tuae
1140 819 1454 859 vehementiores
1492 819 1614 858 animi
1633 832 1673 857 10

282 881 575 929 concitationes,
610 885 718 922 nulla
753 884 962 922 maledicta
992 885 1043 922 ad
1072 897 1155 930 nOS‚
1188 885 1319 923 nullae
1350 885 1613 924 contumeliae

281 948 536 996 perferuntur,
561 962 661 998 quae
691 963 782 987 cum
811 950 1024 988 abhorrent
1053 962 1076 987 a
1103 949 1249 997 litteris,
1276 950 1327 988 ab
1356 950 1611 998 humanitate,

282 1018 366 1049 tum
404 1026 496 1051 vero
535 1013 729 1052 contraria
771 1021 863 1052 sunt
906 1014 1072 1065 imperio
1110 1028 1156 1053 ac
1195 1013 1402 1064 dignitati3
1450 1029 1543 1053 nam
1583 1015 1615 1054 si

281 1075 549 1127 implacabiles
570 1078 794 1117 iracundiae
815 1086 916 1126 sunt,
935 1093 1089 1117 summa
1105 1086 1162 1117 est
1182 1079 1384 1126 acerbitas,
1401 1079 1461 1117 sin
1480 1087 1613 1118 autem

281 1142 507 1189 exorabiles,
532 1157 686 1182 summa
705 1143 852 1191 levitas,
876 1157 976 1194 quae
1003 1152 1135 1183 tamen
1156 1151 1198 1183 ut
1217 1144 1258 1182 in
1279 1144 1390 1183 malis
1410 1145 1612 1184 acerbitati
1633 1157 1670 1192 15

280 1209 561 1257 anteponenda
580 1215 648 1246 est.

338 1273 415 1310 Sed
436 1272 625 1322 quoniam
645 1273 793 1323 primus
820 1287 946 1312 annus
973 1274 1112 1313 habuit
1138 1275 1188 1313 de
1214 1275 1288 1313 hac
1309 1275 1613 1325 reprehensione

280 1336 493 1386 plurimum
524 1338 725 1385 sermonis,
762 1340 891 1386 credo,
925 1346 1131 1389 propterea
1161 1339 1270 1388 quod
1300 1339 1371 1377 tibi
1405 1339 1613 1377 hominum

281 1400 455 1449 iniuriae,
489 1403 597 1452 quod
626 1402 796 1450 avaritia,
828 1404 936 1453 quod
966 1403 1175 1442 insolentia
1203 1411 1354 1454 praeter
1383 1404 1613 1453 opinionem

281 1465 488 1505 accidebat
514 1475 553 1505 et
582 1467 835 1506 intolerabilis
861 1467 1077 1515 videbatur,
1107 1469 1304 1506 secundus
1327 1476 1460 1506 autem
1487 1470 1613 1508 multo
1633 1484 1674 1506 20

282 1530 416 1579 lenior,
441 1533 549 1581 quod
570 1539 608 1570 et
628 1534 877 1571 consuetudo
898 1540 936 1571 et
956 1532 1054 1571 ratio
1075 1540 1123 1580 et,
1147 1540 1190 1571 ut
1210 1546 1283 1583 ego
1303 1532 1477 1581 arbitror,
1500 1547 1612 1572 meae

283 1608 443 1646 quoque
463 1596 611 1635 litterae
632 1604 669 1635 te
689 1597 963 1647 patientiorem
984 1597 1253 1648 lenioremque
1273 1599 1458 1645 fecerunt,
1478 1598 1612 1636 tertius

280 1673 408 1699 annus
442 1661 496 1700 ita
529 1662 647 1701 debet
679 1676 763 1701 esse
793 1664 1025 1701 emendatus
1057 1671 1099 1701 ut
1132 1677 1182 1701 ne
1214 1662 1419 1701 minimam
1450 1662 1613 1712 quidem

282 1739 364 1763 rem
384 1725 592 1776 quisquam
609 1727 732 1777 possit
753 1728 872 1765 ullam
893 1729 1188 1778 reprehendere.
1247 1729 1308 1765 Ac
1329 1726 1406 1765 iarn
1427 1728 1503 1765 hoc
1524 1729 1613 1766 loco

280 1803 360 1828 non
377 1790 598 1829 hortatione
618 1805 747 1841 neque
763 1792 981 1842 praeceptis
1002 1793 1071 1830 sed
1087 1791 1268 1842 precibus
1288 1799 1419 1830 tecum
1436 1792 1613 1831 fraternis
1635 1809 1671 1841 25

278 1868 352 1905 ago
380 1862 507 1894 totum
534 1863 577 1894 ut
603 1856 792 1903 animum,
815 1870 948 1894 curam
975 1856 1335 1907 cogitationemque
1359 1864 1467 1894 tuam
1487 1870 1612 1907 ponas

279 1920 320 1958 in
336 1920 514 1959 omniurn
535 1922 653 1959 laude
674 1921 851 1971 undique
871 1922 1117 1972 conligenda.
1169 1923 1290 1971 Quod
1311 1921 1341 1960 si
1362 1922 1402 1960 in
1423 1921 1613 1961 mediocri

281 1992 382 2023 statu
404 1986 594 2024 sermonis
615 2000 660 2024 ac
680 1986 983 2036 praedicationis
1003 1994 1160 2025 nostrae
1179 2001 1240 2025 res
1261 1994 1400 2034 essent,
1424 1986 1522 2025 nihil
1541 1988 1612 2026 abs

280 2057 318 2088 te
332 2049 529 2098 eximium,
545 2051 641 2089 nihil
654 2058 806 2101 praeter
817 2051 983 2090 aliorum
996 2052 1326 2090 consuetudinem
1340 2053 1610 2103 postularetur.

282 2116 400 2153 Nunc
430 2130 521 2154 vero
554 2123 712 2166 propter
741 2129 874 2154 earum
903 2130 1031 2154 rerum
1060 2116 1101 2155 in
1130 2117 1274 2166 quibus
1306 2116 1447 2155 versati
1477 2130 1612 2155 sumus
1634 2132 1673 2163 30

283 2181 533 2230 splendorem
555 2187 593 2218 et
620 2180 943 2231 magnitudinem,
966 2180 1041 2219 nisi
1067 2194 1263 2219 summam
1287 2182 1445 2219 laudem
1467 2194 1513 2218 ex
1539 2180 1612 2219 ista

327 2294 347 2322 3
372 2285 539 2315 interdum
558 2295 626 2315 non
644 2284 764 2315 Klotz:
789 2295 856 2315 non
877 2285 1046 2315 interdurn
1064 2283 1106 2314 M
1195 2294 1214 2324 5
1239 2285 1436 2315 lenitudinis
1456 2284 1484 2315 C
1573 2295 1611 2315 12

283 2332 384 2366 atque
401 2329 441 2358 ab
464 2327 652 2367 ll'esezzbm‘g
786 2338 823 2366 14
848 2333 926 2358 sunt
943 2328 1165 2366 Ammianus,
1184 2328 1242 2368 qui
1262 2328 1388 2367 (xxviii.
1414 2338 1438 2359 1.
1460 2328 1517 2368 40>
1536 2339 1611 2358 nam

283 2371 312 2400 si
330 2371 376 2400 ad
390 2372 627 2409 anteponenda
644 2375 695 2401 est
712 2371 847 2401 laudat:
873 2372 940 2402 sint
958 2372 999 2402 M
1141 2381 1180 2410 19
1203 2371 1342 2402 avaritia
1358 2371 1453 2403 Man.
1473 2383 1480 2402 ε
1504 2382 1558 2402 —ae
1576 2371 1618 2401 M

284 2424 320 2444 21
348 2414 507 2444 leviorem
527 2416 579 2453 (sc.
597 2416 796 2456 sermonem>
815 2414 956 2455 Madwjg
