1871 2782
369 610 839 661 FRAGMENTA
891 610 1246 659 EPISTVLA
1257 610 1407 658 RVM

660 758 698 791 Is
730 760 795 791 AD
820 760 863 792 M.
889 760 1111 792 TITINIVM.

275 840 424 877 Sueten.
455 841 500 877 de
527 840 619 877 rlzet.
645 851 682 877 2.
705 840 750 877 L.
773 840 925 877 Plotius
953 840 1102 878 Gallus.
1161 839 1224 876 De
1252 838 1318 875 lzoc
1349 837 1475 875 Cicero
1503 837 1543 873 in

222 904 380 952 epistula
400 906 455 941 ad
469 904 530 942 M.
558 905 747 942 D'tinium
767 904 820 941 sic
836 903 973 951 refert:
1005 902 1201 952 Equidem
1219 901 1408 940 memoria
1429 908 1543 938 teneo

221 968 348 1018 pueris
382 969 497 1007 nobis
528 968 696 1019 primum
733 968 872 1006 Latine
903 969 1044 1006 docere
1078 967 1254 1017 coepisse
1294 968 1336 1004 L.
1374 965 1543 1003 Plotium

183 1050 199 1081 5
221 1034 430 1082 quendam.
487 1034 552 1071 Ad
573 1047 690 1083 quem
712 1047 802 1071 cum
825 1034 932 1070 fieret
952 1045 1164 1070 concursus
1185 1032 1292 1081 quod
1313 1029 1545 1069 studiosissi-

221 1111 307 1143 mus
342 1098 508 1148 quisque
539 1099 645 1148 apud
676 1111 767 1135 eum
798 1105 1047 1144 exerceretur,
1082 1096 1265 1135 dolebam
1305 1095 1400 1133 mihi
1439 1094 1544 1133 idem

220 1176 301 1200 non
338 1163 464 1201 licere.
524 1162 767 1202 Centinebar
803 1170 935 1200 autem
978 1161 1293 1199 doctissimorum
1339 1159 1543 1197 hominum

219 1227 449 1266 auctoritate
487 1227 554 1277 qui
593 1227 868 1266 existimabant
907 1225 1065 1264 Graecis
1110 1223 1451 1263 exercitationibus
1496 1223 1544 1260 ali

220 1292 358 1331 melius
387 1291 545 1342 ingenia
571 1304 698 1341 posse.

163 1453 201 1474 ω
443 1445 486 1477 ΙΙ.
533 1444 598 1475 AD
622 1444 897 1476 CORNELIVM
924 1444 1144 1475 NEPOTEM
1171 1444 1258 1475 Lrss-
1284 1444 1325 1475 ΙΙ.

278 1538 308 1562 1.
341 1524 512 1562 Μαίνοῶ.
536 1524 617 1562 Sat.
641 1524 701 1561 II
719 1536 749 1561 J.
774 1534 820 1572 [4
846 1522 1069 1561 Cicero-in
1099 1523 1195 1559 libro
1223 1522 1471 1570 epislltlarum
1497 1521 1549 1557 ad

225 1589 444 1628 Cornelium
481 1589 663 1637 lVepotem
700 1589 857 1625 secundo
893 1588 946 1624 sic
974 1588 1056 1624 ait:
1105 1588 1245 1635 Itaque
1282 1585 1414 1632 nostri,
1455 1599 1545 1623 cum

220 1653 354 1692 omnia
383 1666 483 1703 quae
507 1653 739 1691 dixissemus
763 1651 909 1690 ‘dieta'
931 1658 1071 1698 essent,
1095 1664 1195 1700 quae
1222 1651 1345 1688 facete
1369 1657 1406 1687 et
1427 1649 1546 1687 brevi-

220 1727 276 1757 ter
310 1726 348 1757 et
381 1725 494 1756 acute
533 1717 652 1756 locuti
686 1729 861 1755 essemus
895 1728 941 1753 ea
973 1714 1130 1765 proprio
1164 1714 1324 1753 nomine
1361 1713 1545 1764 appellari

163 1796 200 1828 15
224 1783 370 1822 ‘dicta'
398 1785 615 1821 voluerunt.

492 1887 558 1917 AD
583 1886 777 1917 EVNDEM
804 1886 867 1916 EX
892 1884 1036 1915 LIBRO
1064 1883 1282 1914 INCERTO.

276 1974 307 2006 2,
333 1974 365 2009 3.
398 1960 625 1997 Priscianus
656 1959 768 1996 VIII
786 1969 823 2006 4.
853 1969 900 2008 17
919 1974 957 1990 z
977 1958 1016 1994 ii.
1040 1962 1080 2005 p.
1095 1955 1180 2007 385.
1213 1967 1232 1992 Ι
1256 1955 1356 1992 Keil.
1420 1955 1545 1993 Cicero

220 2026 274 2063 ad
295 2026 505 2074 N‘epolem:
534 2024 627 2061 Hoc
654 2022 844 2061 restiterat
864 2022 991 2067 etiarn,
1015 2028 1057 2058 ut
1077 2034 1100 2058 a
1120 2027 1157 2058 te
1187 2018 1286 2057 fictis
1314 2019 1545 2068 adgrederer

219 2089 334 2128 donis
359 2089 623 2138 ‘adgrederer'
638 2090 793 2138 passive
812 2088 923 2133 dixit,
948 2086 1151 2136 ἐνεδρευθῶ.
1211 2086 1261 2122 In
1290 2086 1436 2121 eodem.-
1465 2083 1544 2132 Qui

162 2173 200 2195 20
218 2155 338 2192 habet
372 2156 472 2192 ultro
505 2153 710 2204 appetitur,
745 2152 811 2202 qui
842 2160 900 2190 est
933 2164 1080 2202 pauper
1117 2156 1353 2200 aspernatur,
1378 2149 1540 2197 passive,

219 2220 469 2266 ἐξουθενεῖται.

272 2298 307 2332 4.
341 2285 543 2323 Suetonius
571 2285 644 2322 div.
668 2284 744 2321 Iul.
769 2294 819 2333 55
852 2283 1025 2321 Cicero—
1033 2282 1087 2318 ad
1117 2280 1333 2318 Cornelium
1362 2278 1543 2326 Asepotem

218 2352 261 2388 de
280 2351 400 2387 eodem
421 2348 621 2400 (Caesare)
643 2350 698 2386 ila
718 2349 890 2396 scripsit.-
921 2346 1057 2395 Quid?
1096 2351 1292 2383 oratorum
1314 2355 1430 2392 quem
1452 2341 1543 2379 huic

219 2423 433 2465 antepones
463 2428 598 2453 eorum
628 2413 695 2463 qui
726 2413 821 2450 nibil
854 2411 960 2450 aliud
995 2411 1183 2460 egerunt?
1221 2407 1308 2458 quis
1342 2406 1542 2445 sententiis
