1871 2782
227 152 305 191 111.
323 150 370 186 ix
688 145 744 183 M.
776 142 945 181 TVLLI
977 140 1283 180 CICERONIS

319 270 491 309 possum.
552 256 685 304 Quam
711 261 844 292 autem
873 260 911 291 te
932 250 1049 290 velim
1076 257 1236 289 cautum
1263 263 1348 288 esse
1378 248 1417 287 in
1442 248 1651 288 scribendo

320 336 367 362 ex
400 323 476 360 hoc
511 319 692 366 conicito,
723 319 832 369 quod
865 331 938 367 ego
969 317 1021 355 ad
1052 323 1090 354 te
1123 329 1174 354 ne
1205 316 1303 353 haec
1332 314 1494 364 quidem
1524 313 1653 353 scribo

320 399 421 436 quae
442 386 571 435 palam
592 383 633 421 in
658 397 698 421 re
724 381 883 433 publica
909 381 1114 419 turbantur
1140 393 1190 418 ne
1216 379 1449 429 cuiusquam
1475 378 1652 417 animum

320 464 432 489 meae
452 449 602 487 litterae
622 447 861 497 interceptae
882 446 1096 484 offendant.
1153 445 1243 493 Qua
1262 457 1302 482 re
1323 442 1541 482 domestica
1561 456 1653 481 cura

321 523 359 554 te
389 516 561 553 levatum
594 514 684 551 volo
700 527 710 560 3
747 512 787 550 in
820 525 861 550 re
892 510 1051 561 publica
1084 509 1166 548 scio
1198 522 1316 558 quam
1348 507 1536 546 sollicitus
1568 521 1653 546 esse
1673 518 1690 550 5

320 581 456 618 soleas.
515 578 646 617 Video
682 578 895 615 Messalam
929 582 1107 614 nostrum
1139 575 1353 620 consulem,
1383 572 1415 610 si
1444 587 1512 623 per
1541 572 1654 611 inter-

319 657 461 694 regem,
486 643 569 682 sine
595 641 752 688 iudicio,
780 640 811 679 si
838 654 907 691 per
933 640 1176 686 dictatorem,
1200 645 1332 676 tamen
1358 637 1442 676 sine
1465 637 1651 688 periculo.

321 709 402 748 Odi
429 709 525 746 nihil
552 708 681 746 habet.
742 704 934 744 Hortensi
960 706 1066 743 calor
1095 705 1263 742 multum
1290 702 1447 740 valebit.
1507 702 1654 741 Gabini

319 772 515 812 absolutio
536 774 597 810 lex
617 769 860 820 impunitatis
880 776 1048 819 putatur.
1102 767 1170 806 ’Ev
1188 767 1370 819 παρέργῳ·
1392 767 1442 805 de
1462 766 1653 805 dictatore

320 844 453 875 tamen
491 843 622 874 actum
661 837 792 874 adhuc
830 833 927 871 nihil
965 840 1034 872 est.
1093 831 1305 882 Pompeius
1343 831 1465 879 abest,
1500 831 1652 882 Appius
1675 845 1714 867 10

320 901 469 949 miscet,
509 900 649 939 Hirrus
681 906 803 950 parat,
837 898 950 937 multi
980 898 1256 936 intercessores
1289 904 1553 945 numerantur,
1587 910 1655 947 po-

266 978 300 1015 .4
320 968 435 1017 pulus
465 980 546 1005 non
576 973 695 1012 curat,
718 964 914 1015 principes
944 965 1097 1011 nolunt,
1124 977 1197 1014 ego
1224 962 1396 1013 quiesco.
1457 964 1518 1001 De
1548 975 1655 1000 man-

321 1032 431 1083 cipiis
458 1033 567 1082 quod
597 1031 693 1069 mihi
721 1030 925 1081 polliceris,
949 1030 1064 1068 valde
1090 1036 1128 1067 te
1154 1042 1246 1067 amo
1275 1036 1313 1067 et
1340 1042 1427 1066 sum
1454 1027 1651 1078 equidem,

320 1097 377 1135 uti
406 1096 553 1144 scribis,
576 1106 614 1135 et
642 1098 796 1135 Romae
825 1102 863 1133 et
892 1096 932 1133 in
962 1093 1131 1145 praediis
1160 1093 1411 1144 infrequens,
1450 1093 1519 1131 sed
1546 1106 1653 1140 cave,

320 1162 475 1209 amabo,
499 1161 712 1212 quicquam
739 1161 848 1210 quod
873 1160 924 1198 ad
946 1173 1078 1198 meum
1102 1160 1360 1199 commodum
1383 1157 1556 1204 attineat,
1579 1157 1655 1196 nisi
1677 1169 1711 1201 15

322 1226 493 1264 maximo
520 1234 589 1264 tuo
620 1226 836 1264 commodo
870 1232 908 1263 et
938 1224 1107 1262 maxima
1133 1231 1200 1262 tua
1228 1225 1423 1271 facultate,
1447 1222 1500 1260 mi
1527 1224 1651 1270 frater,

278 1303 303 1342 5
323 1290 512 1341 cogitaris.
574 1293 635 1329 De
667 1290 832 1341 epistula
860 1289 995 1328 Vatini
1028 1289 1116 1337 risi;
1151 1290 1221 1328 sed
1254 1302 1318 1327 me
1347 1290 1399 1327 ab
1428 1302 1476 1327 eo
1506 1288 1558 1326 ita
1587 1290 1654 1327 ob-

322 1355 463 1394 servari
484 1356 566 1394 scio
590 1363 633 1394 ut
653 1355 736 1394 eius
765 1355 839 1394 ista
864 1355 956 1394 odia
979 1368 1061 1394 non
1087 1355 1267 1394 sorbeam
1292 1356 1420 1394 solum
1445 1356 1515 1393 sed
1535 1354 1653 1393 etiam

321 1435 581 1472 concoquam.

272 1493 303 1531 6
379 1487 500 1535 Quod
528 1500 591 1525 me
618 1486 783 1525 hortaris
810 1494 853 1525 ut
876 1487 1090 1534 absolvam,
1113 1487 1242 1525 habeo
1268 1486 1494 1525 absolutum
1521 1498 1650 1532 suave,
1675 1500 1714 1521 20

323 1551 419 1589 mihi
453 1551 615 1602 quidem
654 1552 711 1590 uti
748 1552 915 1600 videtur,
944 1553 1030 1593 ἔπος
1061 1552 1112 1591 ad
1146 1553 1366 1598 Caesarem,
1404 1552 1474 1590 sed
1508 1564 1653 1601 quaero

323 1618 562 1667 locupletem
596 1617 853 1665 tabellarium,
889 1631 941 1656 ne
977 1617 1131 1656 accidat
1169 1618 1279 1667 quod
1318 1616 1512 1667 Erigonae
1550 1624 1654 1663 tuae,

322 1682 418 1732 quoi
444 1682 515 1720 soli
538 1683 706 1722 Caesare
730 1682 963 1732 imperatore
989 1682 1061 1721 iter
1084 1696 1131 1721 ex
1155 1682 1283 1721 Gallia
1306 1689 1433 1720 tutum
1461 1695 1542 1720 non
1568 1681 1650 1720 suit.

279 1755 303 1795 7
324 1746 463 1795 Quid?
505 1747 536 1785 si
571 1755 821 1786 caementum
855 1748 1006 1786 bonum
1038 1761 1119 1786 non
1149 1748 1383 1794 †haberem,
1409 1747 1653 1788 deturbem†

321 1811 578 1851 aedificium?
631 1813 739 1862 quod
778 1811 940 1862 quidem
978 1812 1076 1850 mihi
1114 1811 1259 1850 cotidie
1297 1811 1420 1861 magis
1453 1813 1582 1861 placet
1612 1811 1652 1850 in
1675 1824 1710 1857 25

321 1876 534 1927 primisque
554 1876 713 1915 inferior
731 1876 904 1927 porticus
925 1884 963 1915 et
978 1877 1061 1916 eius
1081 1875 1283 1915 conclavia
1303 1877 1402 1914 fiunt
1421 1884 1535 1915 recte.
1591 1878 1654 1915 De

322 1944 480 1980 Arcano
501 1942 680 1982 Caesaris
707 1956 807 1993 opus
834 1949 892 1981 est
913 1944 974 1981 vel
998 1956 1061 1981 me
1088 1943 1246 1981 hercule
1270 1941 1387 1980 etiam
1409 1941 1654 1992 elegantioris

321 2007 510 2055 alicuius,
550 2007 740 2058 imagines
779 2007 885 2046 enim
923 2007 1019 2046 istae
1057 2015 1096 2046 et
1129 2009 1320 2057 palaestra
1358 2014 1396 2045 et
1429 2006 1579 2057 piscina
1617 2015 1655 2045 et

323 2072 438 2111 Nilus
458 2074 671 2111 multorum
693 2072 993 2111 Philotimorum
1014 2080 1082 2120 est,
1098 2086 1179 2111 non
1198 2071 1458 2122 Diphilorum.
1517 2073 1595 2110 Sed
1616 2079 1654 2110 et

281 2144 304 2182 8
324 2137 396 2188 ipsi
424 2151 469 2176 ea
494 2137 692 2176 adibimus
719 2145 757 2176 et
784 2138 984 2176 mittemus
1014 2145 1052 2176 et
1076 2137 1363 2176 mandabimus.
1424 2139 1486 2175 De
1514 2137 1652 2176 Felicis
1673 2147 1713 2179 30

370 2234 408 2262 13
433 2224 513 2255 mihi
527 2224 568 2254 M
582 2235 687 2264 marg.
707 2235 714 2254 t
738 2224 817 2254 nihil
834 2224 875 2254 M
961 2233 998 2262 14
1023 2224 1056 2254 in
1074 2223 1149 2254 add.
1169 2227 1238 2254 vett.
1331 2234 1372 2254 20
1386 2223 1465 2262 sort.
1482 2223 1652 2255 absolvam

322 2278 443 2306 poema
576 2279 617 2298 22
642 2268 770 2298 accidat
793 2267 864 2298 Vict.
884 2279 891 2298 :
918 2268 1060 2307 accipiat
1077 2267 1137 2298 M:
1167 2267 1296 2297 accidat
1313 2268 1342 2297 ei
1360 2267 1447 2297 {dem
1471 2266 1656 2307 lVesenbetg

323 2311 490 2350 Erigonae
504 2316 580 2341 tuae
600 2311 647 2341 C:
671 2321 752 2349 ergo
769 2311 938 2341 nactusM
1002 2321 1043 2349 23
1060 2311 1136 2350 quoi
1151 2311 1292 2341 Mz'iller:
1315 2311 1403 2349 quod
1422 2310 1481 2341 M:
1505 2311 1556 2341 cui
1579 2310 1650 2342 Vict.

322 2364 363 2392 24
389 2355 549 2384 haberem
568 2355 615 2393 M,
636 2355 768 2394 quodsi
787 2354 1000 2394 retinendum,
1020 2355 1077 2394 leg.
1098 2355 1309 2384 deturbarem
1328 2366 1334 2384 :
1369 2354 1510 2384 habeam
1533 2354 1650 2385 Lamb.

322 2408 362 2435 27
388 2398 559 2438 Caesaris]
569 2400 648 2436 sort.
668 2398 779 2435 Caesi,
799 2399 834 2437 cf.
857 2408 882 2430 ῐ.
903 2409 922 2428 2
1011 2408 1055 2437 30
1078 2398 1243 2428 adibimus
1261 2397 1353 2428 Man.
1372 2409 1379 2428 :
1403 2398 1600 2430 adhibemus
1617 2398 1658 2428 M

325 2441 376 2470 De
394 2441 514 2471 Felicis
531 2445 600 2472 vell.
619 2453 626 2472 z
650 2442 790 2471 deficilis
809 2442 849 2471 M
