1871 2782
418 184 530 222 EPP.
563 185 640 221 AD
672 184 938 232 QVINTVM
971 185 1244 223 FRATREM
1443 186 1545 223 11.x

165 302 203 334 te
231 294 422 342 scribere;
461 294 576 334 video
603 293 709 332 enim
739 306 836 343 quas
865 301 905 331 tu
936 293 1080 332 litteras
1107 294 1351 345 exspectaris.
1411 296 1489 335 Sed

166 360 230 398 ille
251 360 402 410 scripsit
428 361 479 398 ad
502 360 669 398 Balbum
694 358 924 397 fasciculum
946 358 1053 397 illum
1076 360 1329 409 epistularum
1351 360 1390 398 in
1411 374 1490 411 quo

163 426 287 462 fuerat
319 438 406 463 mea
444 433 482 463 et
512 423 625 462 Balbi
659 431 786 462 totum
818 423 891 461 sibi
922 437 1025 473 aqua
1057 424 1260 462 madidum
1293 425 1490 464 redditum

163 502 249 527 esse
280 496 322 527 ut
356 503 405 528 ne
440 489 535 527 illud
569 487 731 538 quidem
765 487 860 526 sciat
893 501 1020 526 meam
1062 488 1179 527 fuisse
1209 489 1380 539 aliquam
1412 491 1489 540 epi—

124 563 142 595 5
163 555 316 591 stulam.
376 555 454 592 Sed
479 550 659 592 exBalbi
689 553 855 603 epistula
883 566 1009 603 pauca
1032 554 1147 591 verba
1178 553 1417 593 intellexerat
1437 557 1488 594 ad

163 631 264 667 quae
285 618 477 668 rescripsit
502 617 561 656 his
583 617 733 656 verbis:
767 619 850 656 ‘De
873 617 1063 657 Cicerone
1091 626 1129 656 te
1155 617 1270 657 video
1297 619 1487 668 quiddam

162 682 361 732 scripsisse
390 684 499 733 quod
528 697 601 733 ego
631 696 711 721 non
742 682 912 721 intellexi
928 698 936 730 3
976 691 1168 733 quantum
1197 691 1329 722 autem
1359 685 1487 723 conie-

161 753 270 784 ctura
299 749 580 798 consequebar,
607 747 647 786 id
677 756 757 786 erat
789 747 871 786 eius
903 748 1011 786 modi
1043 755 1085 786 ut
1115 747 1236 798 magis
1267 750 1486 798 optandum

161 823 280 859 quam
302 813 539 861 sperandum
557 814 757 862 putarem.’
803 814 942 862 Itaque
959 820 1095 862 postea
1111 813 1197 851 misi
1213 815 1263 851 ad
1278 815 1486 853 Caesarem
1507 824 1530 862 5

103 889 141 912 10
161 876 303 913 eodem
338 876 404 914 illo
438 878 619 926 exemplo
653 877 807 915 litteras.
870 879 1009 915 Iocum
1039 884 1171 916 autem
1203 877 1304 916 illius
1336 879 1387 916 de
1419 892 1489 917 sua

160 948 332 990 egestate
366 955 416 979 ne
447 941 498 979 sis
532 950 770 991 aspernatus.
831 943 896 980 Ad
928 956 1045 992 quem
1077 956 1150 992 ego
1181 943 1359 993 rescripsi
1391 944 1486 981 nihil

161 1018 246 1043 esse
275 1007 383 1055 quod
414 1008 577 1055 posthac
607 1020 718 1045 arcae
749 1015 903 1045 nostrae
938 1007 1081 1045 fiducia
1119 1008 1370 1047 conturbaret
1401 1008 1487 1046 lusi-

160 1083 237 1119 que
266 1070 306 1108 in
336 1084 384 1109 eo
412 1085 553 1122 genere
583 1080 621 1110 et
652 1072 889 1111 familiariter
917 1081 955 1111 et
984 1087 1074 1111 cum
1105 1073 1304 1123 dignitate.
1363 1076 1487 1112 Amor

159 1142 291 1173 autem
321 1136 404 1174 eius
439 1150 528 1186 erga
559 1151 631 1175 nos
665 1139 853 1187 perfertur
884 1137 1061 1175 omnium
1093 1137 1239 1175 nuntiis
1270 1138 1483 1188 singularis.

101 1212 137 1244 15
161 1200 329 1239 Litterae
350 1201 511 1251 quidem
532 1203 583 1240 ad
613 1202 652 1240 id
683 1203 791 1251 quod
819 1209 1019 1251 exspectas
1049 1203 1128 1240 fere
1155 1215 1245 1240 cum
1271 1209 1339 1241 tuo
1359 1203 1485 1241 reditu

159 1264 376 1315 iungentur.
438 1266 607 1316 Reliqua
627 1266 869 1316 singulorum
896 1266 1048 1304 dierum
1076 1265 1290 1304 scribemus
1311 1268 1361 1305 ad
1383 1275 1431 1313 te,
1455 1267 1485 1305 si

158 1332 278 1368 modo
300 1330 520 1369 tabellarios
538 1338 579 1369 tu
600 1330 820 1380 praebebis.
869 1332 1122 1381 Quamquam
1144 1331 1226 1369 eius
1244 1331 1351 1370 modi
1368 1332 1485 1382 frigus

157 1393 412 1444 impendebat
442 1402 485 1433 ut
514 1408 713 1433 summum
752 1395 969 1445 periculum
1009 1402 1110 1434 esset
1148 1408 1198 1434 ne
1227 1396 1360 1446 Appio
1391 1410 1484 1436 suae

157 1459 274 1497 aedes
302 1466 513 1498 urerentur.

97 1575 137 1596 20
199 1569 266 1604 XI
398 1573 467 1605 Scr.
489 1574 618 1605 Romae
633 1586 664 1606 a.
685 1574 715 1606 d.
734 1575 792 1605 xvi
805 1575 848 1606 K.
869 1574 1011 1606 Martias
1027 1586 1056 1608 a.
1080 1585 1137 1615 700
1155 1575 1238 1615 (54).

397 1639 587 1671 MARCVS
613 1640 789 1679 QVINTO
816 1641 991 1671 FRATRI
1017 1641 1241 1673 SALVTEM.

209 1703 294 1743 Risi
321 1705 472 1744 ‘nivem
498 1708 645 1744 atram’
666 1714 783 1756 teque
814 1707 923 1744 hilari
952 1707 1085 1745 animo
1114 1721 1199 1746 esse
1228 1715 1266 1746 et
1295 1715 1477 1758 prompto
1498 1720 1515 1747 1

153 1771 204 1808 ad
231 1770 444 1808 iocandum
467 1772 581 1809 valde
612 1785 674 1809 me
704 1771 819 1809 iuvat.
880 1774 941 1810 De
963 1772 1154 1821 Pompeio
1183 1772 1382 1810 adsentior
1408 1771 1478 1810 tibi

154 1835 215 1872 vel
235 1841 276 1872 tu
297 1835 427 1885 potius
448 1835 554 1873 mihi.
616 1837 730 1883 Nam,
754 1843 796 1873 ut
824 1835 908 1882 scis,
932 1836 1009 1873 iam
1039 1836 1191 1886 pridem
1218 1836 1335 1874 istum
1362 1843 1478 1874 canto

96 1909 134 1942 25
155 1900 374 1938 Caesarem.
435 1899 536 1937 Mihi
567 1902 692 1947 crede,
719 1900 759 1938 in
791 1900 877 1938 sinu
909 1908 967 1938 est
998 1914 1127 1949 neque
1158 1914 1231 1949 ego
1269 1900 1475 1950 discingor.

155 1965 363 2014 Cognosce
392 1978 498 2002 nunc
529 1967 635 2003 Idus.
697 1965 885 2003 Decimus
915 1973 995 2003 erat
1024 1965 1159 2004 Caelio
1189 1965 1282 2003 dies.
1343 1965 1478 2004 Domi-
1497 1977 1521 2006 2

154 2027 229 2066 tius
261 2028 409 2067 iudices
441 2030 492 2067 ad
526 2042 733 2067 numerum
768 2042 848 2066 non
880 2029 1027 2067 habuit.
1100 2031 1248 2068 Vereor
1277 2043 1327 2068 ne
1356 2031 1476 2069 homo

153 2100 274 2132 taeter
301 2102 338 2132 et
365 2096 478 2142 ferus,
502 2096 598 2133 Pola
619 2094 783 2141 Servius,
806 2095 857 2132 ad
883 2094 1175 2134 accusationem
1202 2095 1356 2142 veniat;
1385 2109 1476 2133 nam

153 2165 285 2196 noster
319 2159 476 2198 Caelius
509 2160 623 2197 valde
663 2166 910 2209 oppugnatur
941 2173 963 2196 a
996 2167 1111 2209 gente
1146 2159 1297 2199 Clodia.
1371 2160 1478 2199 Certi

93 2236 133 2267 30
152 2223 249 2262 nihil
287 2232 345 2263 est
382 2226 513 2263 adhuc
551 2225 621 2263 sed
659 2238 846 2263 veremur.
921 2226 1075 2263 Eodem
1110 2224 1223 2275 igitur
1256 2225 1320 2263 die
1351 2225 1476 2274 Tyriis

194 2339 215 2367 9
238 2329 279 2359 ad
298 2329 477 2359 Caesarem
494 2328 550 2359 del.
570 2328 688 2359 Lamb.
827 2338 866 2358 10
892 2328 1003 2358 Iocum
1021 2329 1106 2368 vulg.
1123 2339 1129 2360 t
1162 2328 1284 2358 Locum
1302 2326 1343 2357 M
1363 2328 1480 2368 Tyri-cll

155 2381 259 2410 17—19
284 2372 493 2411 Quamquam
510 2396 517 2403 .
539 2395 545 2403 .
565 2396 572 2403 .
589 2377 768 2402 urerentur
787 2376 862 2410 post
884 2373 1051 2411 coegisset
1069 2376 1101 2411 (ξ
1124 2374 1152 2404 Ιῖ
1179 2376 1386 2412 transponere
1409 2373 1479 2402 vult

154 2415 275 2445 Gurlitt
405 2426 445 2454 25
470 2416 652 2446 Caesarem
684 2415 741 2446 del.
776 2415 904 2455 Kayser
1071 2425 1114 2454 30
1137 2415 1250 2455 Tyriis
1282 2415 1324 2444 M
1347 2427 1476 2455 marg:

151 2464 266 2497 tyrrus
291 2457 341 2488 Ml
359 2471 365 2490 :
399 2460 508 2498 Syriis
525 2460 578 2490 Μ2

193 2524 255 2545 cxc.
275 2524 321 2544 AD
339 2524 451 2551 Qvixr.
473 2524 526 2545 PR.
1368 2514 1389 2544 4
