1871 2782
663 186 719 222 M.
751 184 921 222 TVLLI
952 183 1259 224 CICERONIS

716 293 781 324 EX
806 293 951 325 LIBRO
978 293 1199 325 INCERTO.

351 379 383 416 5.
415 368 565 406 Saetosi.
601 367 678 405 div.
717 367 794 404 Iul.
825 378 849 418 9
884 368 949 405 De
981 367 1054 404 lzac
1085 365 1374 417 (coniuratione)
1412 365 1626 416 significare

294 434 446 471 videtur
474 437 511 469 et
550 432 677 471 Cicero
710 432 752 470 in
782 433 950 481 quadam
988 432 1043 468 ad
1071 432 1224 469 Axima
1263 432 1423 481 epistula
1462 431 1626 481 referens

298 498 499 535 Caesarem
534 498 575 535 in
613 498 808 535 consulatu
844 496 1084 546 confirmasse
1114 509 1271 546 regnum
1307 498 1351 534 de
1387 509 1459 545 quo
1492 497 1626 534 aedilis

294 564 489 612 cogitarat.
793 598 795 600 .
1646 570 1663 601 5

350 630 384 665 6.
416 628 552 666 Seneca
578 628 623 664 de
655 627 754 666 brev.
781 628 847 666 vit.
863 637 902 677 5.
928 638 953 664 2
983 626 1110 675 Quam
1135 627 1284 675 flebiles
1311 639 1412 665 voces
1439 627 1628 676 exprimit

297 692 459 743 (Cicero)
499 693 540 730 ili
578 693 745 740 quadam
785 693 840 729 ad
872 692 1027 729 Axium
1071 692 1229 740 epistula
1271 692 1349 729 iam
1387 693 1481 730 victo
1509 696 1626 741 patre

294 759 482 807 Pompeio,
520 758 643 794 adhuc
666 756 758 805 filio
790 757 832 794 in
862 757 1063 805 ffi'spania
1090 755 1226 804 fracta
1261 768 1373 792 arma
1411 755 1597 804 refovente
1610 769 1624 793 .·

296 822 405 872 Quid
425 836 549 872 agam,
574 823 708 871 inquit,
732 820 796 859 hic
817 821 981 871 quaeris.
1056 822 1193 859 Moror
1221 819 1261 858 in
1286 822 1515 859 Tusculano
1536 833 1625 858 meo

296 886 501 925 semiliber.
1650 894 1687 916 10

733 967 813 999 XII.
860 966 924 998 AD
950 966 1186 1000 CATONEM.

348 1047 454 1085 Non.
476 1053 519 1095 p.
551 1045 628 1098 438
658 1059 710 1096 sq.
751 1047 889 1084 ‘Plus'
910 1047 1030 1087 †sicat
1057 1047 1099 1084 in
1123 1046 1317 1095 plerisque
1346 1058 1441 1094 quae
1470 1046 1628 1083 maioris

296 1113 399 1149 modi
433 1116 515 1151 esti·
552 1125 666 1161 quam
706 1112 952 1149 necessarium
990 1116 1045 1149 est
1061 1127 1079 1157 ,·
1125 1116 1236 1160 atque
1273 1111 1353 1148 ideo
1383 1111 1444 1148 Μ.
1478 1111 1628 1148 Tullius

295 1177 469 1216 †mai2ts†
486 1177 663 1215 discrevit
681 1174 742 1227 (sc.
762 1177 866 1214 inter
887 1177 992 1225 ‘plus
1005 1177 1013 1193 '
1033 1181 1070 1213 et
1089 1179 1097 1195 ‘
1111 1178 1274 1213 multum
1288 1175 1312 1227 ')
1335 1177 1376 1214 in
1396 1176 1557 1224 epistida
1577 1177 1632 1212 ad

300 1241 505 1278 Catonem:
548 1254 621 1279 nec
653 1240 801 1279 idcirco
840 1240 936 1278 mihi
974 1241 1233 1279 deserendam
1273 1254 1358 1279 esse
1396 1239 1627 1290 dignitatem
1650 1257 1686 1289 15

297 1320 425 1344 meam
455 1307 563 1356 quod
588 1319 675 1344 eam
703 1304 816 1343 multi
836 1305 1111 1356 impugnarint,
1135 1307 1205 1344 sed
1235 1319 1284 1344 eo
1311 1305 1433 1355 magis
1457 1306 1628 1343 recolen-

296 1373 388 1409 dam
411 1372 519 1421 quod
540 1372 671 1422 plures
692 1370 960 1409 desiderarint.

683 1510 782 1541 XIII.
831 1509 896 1540 AD
921 1510 1187 1542 CAERELLIA
1195 1510 1237 1542 M.

355 1616 385 1638 1.
433 1601 598 1650 Quintil.
648 1601 712 1639 VI
731 1612 770 1652 3.
801 1612 871 1638 112
904 1601 1044 1639 Etiam
1082 1602 1185 1639 illud
1220 1599 1364 1653 (potest
1399 1602 1502 1640 inter
1535 1603 1627 1639 ridi-

296 1669 379 1704 [Μία
420 1664 651 1717 numerari),
693 1667 797 1715 quod
845 1665 972 1704 Cicero
1023 1665 1233 1704 Caerelliae
1272 1667 1425 1716 scripsit
1472 1668 1628 1705 reddens
1649 1687 1687 1708 20

295 1732 482 1769 rationem
529 1744 598 1769 cur
644 1732 713 1769 illa
765 1732 807 1770 C.
862 1732 1041 1769 Caesaris
1088 1736 1256 1781 tempora
1309 1737 1388 1769 tam
1435 1733 1630 1780 patienter

297 1799 502 1835 toleraret:
553 1798 668 1834 Haec
716 1803 783 1834 aut
828 1795 961 1834 animo
1007 1796 1170 1836 Catonis
1216 1797 1377 1835 ferenda
1422 1805 1512 1835 sunt
1559 1806 1627 1836 aut

297 1861 499 1901 Ciceronis
539 1862 745 1900 Stomacho
760 1876 769 1910 3
815 1862 1067 1899 ‘stomachus'
1098 1863 1197 1900 enim
1232 1863 1294 1900 ille
1331 1863 1444 1900 liabet
1478 1864 1632 1912 aliquid

295 1929 368 1965 ioco
387 1929 520 1965 simile.

353 2006 383 2029 2.
415 1993 453 2030 A
458 1993 613 2030 usom'us
632 1992 673 2030 in
694 1993 858 2030 centonis
878 1993 1064 2042 nuptialis
1083 1993 1223 2042 epilogo
1242 1998 1286 2042 p.
1306 1991 1384 2030 218
1403 1993 1456 2030 ed.
1477 1993 1625 2042 Pelper.
1651 2012 1662 2032 2
1668 2011 1684 2042 5

294 2057 842 2095 stleminerint-eruditi—-in
864 2059 1078 2107 praeceptis
1114 2059 1304 2096 Ciceronis
1330 2062 1467 2095 extare
1495 2059 1626 2096 severi-

296 2129 420 2170 tatem,
442 2125 484 2161 in
504 2125 674 2174 epistulis
693 2125 748 2161 ad
769 2126 996 2163 Caerelliam
1016 2125 1160 2162 subesse
1168 2125 1442 2174 petulantiam.

340 2237 356 2265 7
381 2226 504 2257 Axium
524 2226 657 2266 Lipsius
673 2239 680 2258 z
703 2226 836 2258 Actium
854 2228 904 2258 vel
918 2227 1068 2258 Atticum
1082 2227 1168 2257 codd.
1189 2238 1195 2256 :
1219 2226 1368 2257 Atticum
1382 2225 1498 2256 Haase
1588 2237 1625 2257 12

295 2280 380 2308 quae
412 2271 471 2301 del.
504 2270 612 2302 Rom:
648 2275 677 2301 et
700 2282 787 2310 quae
813 2274 843 2301 et
871 2276 921 2301 est
947 2271 1014 2301 secl.
1043 2270 1082 2301 L.
1104 2270 1226 2300 Mamer
1338 2280 1373 2308 Ι,
1398 2270 1504 2300 maius
1529 2274 1567 2300 ut
1588 2282 1627 2300 cx

297 2313 430 2343 Marcus
454 2319 564 2344 ortum
588 2315 655 2345 secl.
681 2313 720 2345 L.
741 2315 864 2344 Mallcr
996 2323 1034 2352 15
1059 2314 1280 2344 deserendam
1305 2313 1464 2353 Aladvtg:
1496 2314 1624 2344 deside-

296 2358 430 2386 randam
451 2357 537 2388 codd.
678 2359 716 2387 16
740 2358 835 2389 multi
852 2357 981 2389 Baiter:
1008 2357 1146 2388 multum
1164 2356 1251 2387 codd.
1382 2358 1424 2387 26
1449 2356 1624 2388 Ciceronis

295 2399 426 2439 Pezpcrt
451 2402 607 2431 omnibus
623 2401 713 2432 codd.
