1871 2782
666 146 721 182 Μ.
754 146 922 182 TVLLI
953 144 1259 184 CICERONIS

295 266 362 297 aut
391 255 541 296 acutior
569 264 636 295 aut
663 255 862 295 crebrior?
910 256 997 306 quis
1027 255 1153 294 verbis
1179 263 1245 293 aut
1272 252 1444 293 ornatior
1467 262 1533 293 aut
1554 256 1627 293 ele-

295 322 475 373 gantior?

352 399 384 437 5.
417 387 653 425 Ammianus
671 387 928 425 Mzrcellinus
947 387 1060 424 XXI
1076 386 1136 424 16.
1168 397 1207 437 13
1239 386 1287 424 Vt
1308 385 1463 423 Tullius
1485 397 1629 432 quoque

296 454 396 489 docet
412 452 649 490 crudelitatis
668 453 866 501 increpans
890 452 1089 489 Caesarem
1119 451 1160 488 in
1186 451 1353 499 quadam
1374 450 1429 486 ad
1443 449 1627 497 Nepotem

296 517 484 565 epistula:
513 518 657 566 Neque
686 516 791 554 enim
822 515 1034 566 quicquam
1061 515 1168 553 aliud
1199 522 1256 553 est
1285 513 1459 560 felicitas,
1490 514 1625 563 inquit,
1648 526 1664 557 5

298 581 372 619 nisi
414 582 668 619 honestarum
714 594 841 619 rerum
885 579 1146 630 prosperita33
1192 580 1265 626 vel,
1301 585 1343 617 ut
1383 578 1461 617 alio
1507 579 1629 616 modo

298 646 497 693 definiam,
534 646 697 685 felicitas
732 654 790 684 est
829 647 985 684 fortuna
1023 644 1191 684 adiutrix
1221 644 1476 682 consiliorum
1508 644 1631 681 bono-

299 726 396 759 rum,
427 711 571 761 quibus
601 711 669 760 qui
701 724 781 749 non
812 710 932 748 utitur
963 709 1054 747 felix
1083 723 1168 747 esse
1198 710 1307 747 nullo
1341 716 1458 758 pacto
1488 715 1627 758 potest.

300 778 404 826 Ergo
425 776 463 813 in
485 775 647 825 perditis
675 774 884 824 impiisque
914 773 1087 812 consiliis
1114 774 1258 824 quibus
1281 775 1425 813 Caesar
1445 787 1538 812 usus
1559 781 1630 821 est,

299 843 406 879 nulla
433 840 560 890 potuit
587 854 672 878 esse
694 839 883 887 felicita53
912 839 1140 889 feliciorque
1161 853 1251 877 meo
1271 838 1419 877 iudicio
1440 838 1630 878 Camillus
1654 854 1691 877 10

300 907 479 944 exsulans
496 918 615 955 quam
632 904 876 954 temporibus
893 904 1017 943 isdem
1035 903 1347 951 Manlius‚etiarn
1365 903 1507 951 si‚—id
1522 904 1632 953 quod

301 970 705 1020 cupierat‚—regnare
726 969 928 1019 potuisset.

356 1037 389 1073 6.
420 1036 528 1074 Idem
558 1035 711 1073 XXVI
736 1047 768 1073 J.
804 1047 829 1072 2
864 1036 974 1072 Haec
1000 1035 1158 1083 quidam
1187 1037 1353 1072 veterum
1372 1033 1634 1082 formidantes

301 1101 524 1149 cognitiones
557 1106 708 1138 actuum
739 1100 940 1138 variorum
973 1100 1072 1136 stilis
1106 1099 1279 1136 uberibus
1311 1099 1520 1148 explicatas
1557 1110 1632 1135 non

302 1167 446 1203 edidere
482 1166 711 1214 superstites,
753 1170 798 1202 ut
825 1165 866 1203 in
903 1166 1071 1214 quadam
1109 1165 1165 1201 ad
1195 1164 1416 1203 Cornelium
1449 1164 1632 1213 lVepotem
1655 1178 1691 1209 15

303 1232 462 1281 epistula
488 1232 643 1269 Tullius
661 1243 804 1280 quoque
824 1231 926 1268 testis
946 1231 1170 1268 reverendus
1188 1229 1383 1278 affirmat.

574 1381 635 1412 ΙΙΙ.
683 1380 747 1412 AD
772 1380 1026 1412 CAESAREM
1054 1380 1195 1411 EPIST.
1224 1379 1310 1410 LIB.
1339 1379 1362 1411 Ι.

365 1474 394 1497 1.
424 1459 581 1498 Nonius
598 1465 642 1508 p.
663 1470 752 1509 270.
774 1470 818 1508 Ι]
836 1463 873 1495 et
888 1464 928 1507 p.
945 1470 1018 1509 319
1038 1471 1090 1506 sq.
1114 1458 1175 1495 M
1203 1457 1357 1495 Tullius
1384 1458 1636 1506 ffzstularum

306 1526 360 1561 ad
379 1526 579 1563 Caesarem
599 1525 661 1562 lib.
680 1525 729 1561 I:
752 1525 868 1561 Tunc
890 1536 979 1561 cum
1001 1536 1046 1561 ea
1066 1536 1167 1572 quae
1188 1536 1228 1560 es
1249 1522 1300 1560 ab
1321 1530 1459 1560 senatu
1480 1536 1637 1561 summo

307 1602 398 1626 cum
419 1590 570 1626 honore
591 1596 659 1626 tuo
681 1595 927 1626 consecutus.
1658 1604 1698 1625 20

364 1668 395 1691 2.
427 1654 532 1692 Non.
550 1660 594 1702 p.
616 1653 708 1704 287.
735 1664 784 1703 25
812 1653 873 1690 Μ.
911 1653 1063 1690 Tullius
1091 1653 1132 1690 iu
1161 1652 1323 1702 epistula
1352 1654 1408 1690 ad
1437 1654 1637 1691 Caesarem

308 1719 369 1755 lib.
392 1719 441 1755 J:
471 1718 639 1755 Balbum
662 1717 798 1767 quanti
829 1717 968 1755 faciam
999 1731 1198 1767 quamque
1228 1716 1262 1755 ei
1294 1731 1356 1755 me
1386 1725 1514 1755 totum
1536 1717 1637 1756 dica-

309 1782 439 1829 verim‚
464 1796 510 1820 ex
530 1782 616 1832 ipso
637 1781 746 1820 scies.

364 1861 397 1897 3.
429 1848 534 1885 Non.
554 1853 598 1896 p.
628 1858 713 1898 327.
731 1858 759 1897 5
787 1847 846 1884 M.
885 1847 1038 1884 Tullius
1066 1847 1316 1895 epistularum
1351 1848 1406 1884 ad
1437 1849 1637 1885 Caesarem

309 1915 371 1952 lib.
407 1915 458 1951 I:
502 1913 636 1951 Debes
676 1912 807 1951 odisse
841 1911 1132 1962 improbitatem
1172 1912 1269 1961 eius,
1308 1912 1400 1962 quia
1433 1912 1638 1963 impuden-
1659 1929 1697 1959 25

310 1978 504 2017 tissimum
526 1991 672 2016 nomen
694 1978 891 2028 delegerit.

365 2057 399 2089 4.
431 2044 536 2081 Nou.
556 2050 598 2092 p.
621 2055 701 2094 413.
722 2055 773 2095 29
804 2044 866 2081 M.
904 2044 1055 2081 Tullius
1077 2044 1329 2092 epistularum
1359 2044 1414 2081 ad
1441 2044 1641 2081 Caesarem

310 2109 370 2146 lil).
392 2109 440 2146 l:
469 2115 511 2146 ut
531 2108 645 2146 sciret
666 2109 814 2146 tuenda
836 2107 981 2146 maiore
1002 2122 1093 2145 cura
1114 2122 1197 2145 esse
1218 2121 1336 2157 quam
1358 2115 1467 2157 parta
1487 2116 1588 2146 sunt.

354 2223 375 2251 9
398 2213 466 2253 est]
486 2218 558 2243 erat
575 2213 639 2243 cod.
660 2213 815 2243 Petrinus
912 2222 948 2250 17
974 2211 1077 2242 Hunc
1095 2212 1129 2243 C.
1154 2212 1324 2242 Caesarem
1342 2221 1405 2241 csse
1423 2210 1641 2241 Octavianum

313 2267 377 2286 non
389 2256 515 2286 Iulium
527 2256 714 2287 dictatorem
729 2260 809 2286 tenet
820 2255 1007 2286 Ludovicus
1020 2255 1139 2285 Gltrn'itt
1150 2256 1161 2294 (
1171 2255 1314 2285 *Nonius
1325 2254 1500 2284 Marcellus
1513 2254 1586 2284 m1d
1595 2254 1644 2284 dle

315 2299 559 2338 Ct'sero-Brt'ese,'
584 2299 940 2340 Steglitz-Progrmzz111
962 2300 1083 2334 1888);
1107 2309 1126 2329 a
1148 2309 1211 2338 quo
1234 2299 1345 2333 libello,
1362 2303 1450 2338 opere
1472 2298 1641 2335 luculento,

314 2344 347 2372 in
366 2343 565 2382 quibusdam
583 2343 675 2374 rebus
691 2343 838 2373 dissentit
850 2342 1019 2372 Lucianus
1036 2343 1158 2372 Miillcr
1170 2343 1204 2371 in
1215 2342 1260 2372 ed.
1274 2341 1368 2372 Noni
1382 2342 1446 2380 538
1469 2343 1510 2371 26
1527 2356 1549 2365 τ
1566 2345 1588 2371 l.
1608 2342 1639 2372 ii.

312 2391 342 2424 j).
363 2397 425 2424 203
540 2397 578 2425 19
601 2388 694 2416 Tunc
712 2386 798 2417 codd.
815 2392 847 2427 p.
869 2397 933 2424 270
951 2398 956 2415 :
982 2391 1015 2415 tu
1035 2386 1125 2415 codd.
1139 2391 1171 2425 p.
1192 2396 1255 2424 320
1369 2394 1409 2423 25
1435 2386 1512 2423 quia
1529 2384 1616 2415 codd.
1636 2395 1643 2414 ε

314 2430 369 2468 qui
388 2433 460 2460 vett.
476 2441 482 2462 :
504 2431 581 2469 quei
599 2429 637 2460 L.
656 2430 780 2460 Msillex
864 2430 1190 2469 impudentissimum
1211 2429 1294 2469 vulg.
1315 2441 1321 2459 :
1346 2429 1492 2468 imprud-
1511 2428 1599 2459 codd.
