1871 2782
631 199 743 236 EPP.
775 200 853 236 AD
884 200 1120 236 BRVTVM
1489 199 1519 235 Ι.
1538 198 1598 235 vii

209 310 285 347 Sed
317 309 506 359 Apuleius
540 309 580 348 in
612 323 681 348 sua
710 309 876 360 epistula
906 310 1173 348 celebrabitur.
1236 310 1420 348 Bibulum
1455 310 1533 347 noli

207 374 402 413 dimittere
432 388 453 413 e
487 375 574 413 sinu
601 382 680 421 tuo,
709 382 861 412 tantum
893 374 969 412 iam
1000 375 1124 412 virum
1154 389 1200 412 ex
1230 382 1388 424 quanto,
1418 376 1533 413 crede

209 438 314 485 mihi,
356 447 485 489 potest
532 441 696 479 evadere
743 439 810 489 qui
852 439 986 477 vestris
1034 452 1249 489 paucorum
1298 440 1532 489 respondeat

208 504 400 543 laudibus.

170 646 186 676 5
248 638 366 674 VIII
476 642 544 675 διν.
562 653 609 674 ex.
628 653 672 673 m.
694 642 785 673 Maio
801 642 919 673 autin.
938 642 1013 673 Iun.
1033 653 1062 674 a.
1086 652 1139 682 711
1159 643 1237 682 χἧσῖ.

627 720 801 751 CICERO
828 719 983 750 BRVTO
1010 719 1106 750 SAL.

261 797 411 834 Multos
445 796 516 835 tibi
555 797 847 835 commendabo
886 804 924 834 et
955 798 1234 835 commendem
1269 810 1429 836 necesse
1461 805 1568 835 est.1

206 860 391 909 Optimus
421 861 525 899 enirn
551 861 717 911 quisque
746 861 802 899 vir
831 869 868 899 et
896 861 989 899 civis
1020 861 1187 899 maxime
1217 862 1391 911 sequitur
1420 870 1530 900 tuum

206 923 395 962 iudicium
416 925 567 975 tibique
587 940 725 964 omnes
750 927 867 964 fcrtes
891 926 961 963 viri
990 927 1083 964 dare
1113 940 1272 976 operam
1299 933 1337 964 et
1358 926 1530 964 studium

149 1003 187 1024 10
206 990 353 1035 volunt,
376 1003 450 1027 nec
471 990 680 1040 quisquam
701 999 759 1028 est
780 991 875 1040 quin
906 991 959 1028 ita
985 990 1189 1037 existimet,
1213 1004 1341 1029 meam
1367 992 1472 1040 apud
1494 998 1530 1029 te

205 1061 243 1091 et
281 1054 553 1093 auctoritatem
599 1064 637 1093 et
680 1055 841 1105 gratiam
890 1057 1017 1093 valere
1061 1055 1283 1105 plurimum.
1367 1056 1443 1093 Sed
1484 1056 1526 1094 C.
1548 1063 1572 1089 2

206 1118 464 1166 Nasennium,
507 1119 747 1170 municipem
786 1122 1036 1166 Suessanum,
1080 1119 1150 1157 tibi
1196 1118 1250 1157 ita
1292 1121 1531 1157 commendo

206 1190 247 1220 ut
268 1183 467 1222 neminem
489 1184 722 1234 diligentius.
783 1184 961 1223 Cretensi
989 1185 1093 1221 bello
1115 1185 1280 1221 Metello
1300 1183 1532 1233 imperatore

205 1255 388 1286 octavum
415 1248 633 1298 principem
662 1248 782 1294 duxit,
809 1256 946 1298 postea
975 1247 1015 1285 in
1045 1261 1085 1285 re
1115 1247 1292 1285 familiari
1319 1256 1533 1297 occupatus

148 1322 185 1353 15
205 1312 286 1359 fuit,
319 1314 395 1351 hoc
425 1320 601 1363 tempore
632 1326 723 1350 cum
757 1312 811 1350 rei
842 1312 1024 1362 publicae
1055 1311 1230 1362 partibus
1262 1320 1346 1350 tum
1377 1319 1444 1350 tua
1474 1326 1534 1350 ex-

204 1377 360 1415 cellenti
381 1376 570 1427 dignitate
589 1385 813 1415 commotus
833 1376 955 1415 voluit
975 1390 1044 1427 per
1067 1384 1105 1414 te
1124 1376 1273 1426 aliquid
1294 1376 1532 1414 auctoritatis

203 1443 420 1480 adsumere,
491 1444 649 1481 Fortem
688 1442 824 1488 virum,
867 1443 996 1488 Brute,
1034 1441 1105 1479 tibi
1143 1442 1394 1488 commendo,
1435 1441 1532 1491 frugi

204 1506 407 1545 hominem
442 1514 490 1554 et,
525 1507 556 1545 si
588 1507 685 1557 quid
718 1508 769 1545 ad
800 1520 881 1545 rem
916 1506 1094 1556 pertinet,
1132 1505 1250 1544 etiarn
1282 1507 1528 1555 locupletem.

206 1575 430 1622 Pergratum
458 1571 555 1609 mihi
582 1572 652 1611 erit
673 1571 705 1610 si
734 1585 825 1610 eum
852 1571 906 1610 ita
931 1570 1104 1609 tractaris
1125 1578 1168 1608 ut
1188 1569 1327 1608 merito
1348 1577 1416 1608 tuo
1436 1569 1532 1607 mihi

146 1654 184 1675 20
203 1638 343 1688 gratias
364 1651 476 1688 agere
496 1637 629 1688 possit.

245 1772 312 1807 IX
400 1775 469 1807 Ser.
490 1776 618 1807 Romae
634 1777 677 1808 in.
698 1788 743 1809 m.
763 1777 892 1817 Quint„
911 1801 918 1808 .
938 1801 943 1807 .
964 1801 989 1816 .‚
1008 1780 1043 1807 ut
1059 1776 1186 1807 videtur
1199 1787 1228 1807 a.
1252 1786 1307 1815 711
1326 1775 1402 1815 (4j).

627 1853 800 1884 CICERO
825 1853 982 1884 BRVTO
1008 1853 1105 1884 SAL.

257 1932 453 1980 Fungerer
472 1945 520 1970 eo
541 1931 670 1969 officio
692 1945 771 1981 quo
792 1939 834 1969 tu
864 1933 1020 1969 functus
1045 1944 1085 1969 es
1106 1930 1146 1968 in
1168 1943 1258 1968 meo
1278 1932 1385 1968 luctu
1412 1937 1528 1978 teque
1549 1941 1566 1967 1

203 2008 271 2045 per
290 1995 434 2034 litteras
455 1997 686 2042 consolarer,
709 1996 783 2033 nisi
804 1995 942 2034 scirem
964 1995 1008 2033 iis
1029 1994 1211 2033 remediis
1232 1994 1375 2044 quibus
1395 2007 1528 2032 meum

147 2072 184 2103 25
204 2061 380 2098 dolorem
410 2068 452 2098 tu
481 2062 649 2098 levasses
680 2068 717 2098 te
746 2060 786 2097 in
816 2068 884 2098 tuo
913 2073 995 2097 non
1024 2073 1147 2109 egere,
1169 2073 1215 2097 ac
1235 2059 1351 2097 velim
1379 2058 1527 2096 facilius

203 2138 320 2174 quam
360 2133 453 2163 tunc
492 2125 588 2162 mihi
627 2138 732 2163 nunc
771 2124 842 2163 tibi
881 2132 963 2163 tute
1008 2125 1201 2162 medeare.
1279 2125 1349 2161 Est
1396 2130 1527 2161 autem

248 2239 261 2258 1
289 2228 339 2268 in]
368 2228 432 2258 iam
458 2228 581 2258 Ganter
709 2238 725 2266 7
751 2227 993 2258 commendabo
1019 2227 1062 2257 C:
1095 2226 1327 2257 commendavi
1352 2226 1407 2256 M:
1441 2236 1528 2256 com-

201 2272 323 2301 mendo
339 2271 385 2301 ed.
406 2271 545 2301 Iuntina
697 2282 718 2310 9
743 2272 823 2301 dare
840 2270 890 2300 M¹
910 2271 974 2301 cod.
998 2270 1283 2309 Guelferbytanus:
1308 2279 1431 2300 navare
1448 2269 1533 2299 M-'P

204 2324 241 2353 13
267 2315 298 2344 Is
316 2314 473 2344 Cretensi
494 2314 682 2354 Wesenbeyg
809 2316 847 2344 16
870 2314 973 2345 voluit
994 2314 1021 2343 C
1036 2313 1171 2344 Gurlitt:
1197 2314 1307 2343 valeat
1326 2311 1400 2342 Ml:
1423 2312 1528 2342 valuit

200 2358 254 2386 Μ2
271 2369 277 2388 z
294 2358 394 2388 vellet
406 2358 454 2387 Α2
470 2358 558 2388 Crat.
573 2370 579 2388 :
596 2359 665 2388 volt
679 2357 834 2397 Mmarg.
928 2368 969 2396 23
993 2357 1155 2396 fungerer
1169 2367 1210 2387 eo
1226 2357 1328 2388 CraL:
1353 2356 1472 2393 sungre
1488 2357 1526 2395 (3)

200 2400 273 2430 M¹z
312 2401 472 2439 fungerer
495 2401 550 2431 M2
573 2402 663 2441 vulg.
801 2411 841 2440 25
866 2401 899 2431 in
917 2406 973 2432 tuo
997 2411 1060 2431 om.
1081 2400 1122 2430 M
1251 2401 1292 2429 26
1317 2404 1396 2430 tunc
1412 2399 1464 2429 R:
1496 2400 1528 2428 in

200 2449 256 2474 tuo
274 2444 314 2474 M
329 2448 379 2483 <ex
393 2445 411 2475 l.
427 2446 481 2484 25)
500 2456 506 2475 :
529 2455 594 2475 om.
614 2445 634 2474 I
650 2444 752 2475 Orelli

1402 2498 1441 2529 S*
