1871 2782
265 150 342 187 III.
360 148 391 185 ii
706 146 762 183 M.
794 145 963 182 TVLLI
995 143 1301 183 CICERONIS

382 281 432 316 II
586 282 657 315 Scr.
673 283 802 314 Romae
818 294 847 314 a.
868 282 899 314 d.
920 293 939 314 v
954 282 1036 313 Idus
1053 282 1198 313 Octobris
1213 293 1244 314 a.
1263 292 1321 322 700
1339 282 1421 324 (54).

570 359 770 391 MARCVS
792 359 973 399 QVINTO
995 359 1181 390 FRATRI
1199 357 1439 391 SALVTEM.

303 446 320 472 1
393 439 439 475 A.
467 438 503 476 d.
534 449 573 475 vl
606 437 703 475 Idus
733 436 893 476 Octobr.
927 435 1077 475 Salvius
1107 435 1192 475 Ost?
1209 449 1260 473 im
1288 435 1440 486 vesperi
1469 435 1558 474 navi
1587 449 1673 486 pro-

338 503 462 540 fectus
494 509 575 540 erat
609 515 700 540 cum
730 500 775 539 iis
809 501 925 539 rebus
957 514 1054 550 quas
1088 499 1159 538 tibi
1190 501 1312 539 domo
1346 499 1447 538 mitti
1479 501 1668 539 volueras.

339 568 494 606 Eodem
534 566 598 605 die
631 565 846 605 Gabinium
884 567 936 604 ad
975 566 1167 615 populum
1204 566 1404 603 luculente
1441 566 1710 605 calefecerat5

339 631 555 670 Memmius
577 632 631 669 sic
662 638 703 669 ut
725 630 879 670 Calidio
900 630 1063 668 verbum
1093 630 1220 667 facere
1246 642 1317 679 pro
1337 643 1386 668 eo
1406 643 1486 668 non
1508 629 1669 668 licuerit.

339 695 533 734 Postridie
561 702 694 733 autem
725 694 807 732 eius
839 693 917 732 diei
947 693 1015 743 qui
1041 701 1122 732 erat
1151 700 1235 731 tum
1265 694 1426 741 futurus,
1452 707 1543 732 cum
1573 694 1672 732 haec

339 760 560 799 scribebam
597 767 689 798 ante
727 761 867 806 lucem,
907 759 1014 808 apud
1054 759 1249 797 Catonem
1288 765 1369 796 erat
1407 757 1596 796 divinatio
1630 757 1671 796 in

340 824 556 863 Gabinium
577 825 706 862 futura
734 823 834 861 inter
861 822 1099 861 Memmium
1124 829 1163 860 et
1192 822 1251 860 Ti.
1282 823 1484 860 Neronem
1505 830 1544 861 et
1564 823 1609 862 C.
1632 830 1672 861 et

340 890 383 927 L.
417 888 615 927 Antonios
646 889 701 926 M.
734 889 757 926 f.
818 888 1059 925 Putabamus
1090 888 1172 934 fore
1203 894 1245 925 ut
1278 886 1472 925 Memmio
1500 888 1667 934 daretur,
1691 902 1733 924 10

339 952 411 992 etsi
442 961 523 992 erat
555 952 724 991 Neronis
764 951 859 990 mira
897 951 1110 990 contentio.
1171 951 1279 1000 Quid
1317 951 1500 1002 quaeris?
1545 952 1670 1003 probe

341 1018 538 1068 premitur,
572 1017 647 1056 nisi
678 1024 810 1056 noster
844 1016 1057 1067 Pompeius
1096 1016 1156 1055 dis
1195 1016 1503 1067 hominibusque
1540 1015 1672 1055 invitis

297 1099 322 1126 2
342 1082 543 1132 negotium
573 1081 760 1120 everterit.
821 1082 1029 1131 Cognosce
1059 1094 1166 1119 nunc
1197 1080 1369 1119 hominis
1396 1080 1604 1120 audaciam
1633 1088 1672 1120 et
1868 1052 1869 1124 l

339 1146 489 1196 aliquid
527 1146 567 1184 in
606 1160 646 1184 re
684 1145 843 1196 publica
880 1145 1032 1195 perdita
1070 1147 1276 1184 delectare.
1335 1146 1439 1185 Cum
1478 1145 1672 1184 Gabinius

339 1224 591 1261 quacumque
611 1210 793 1250 veniebat
814 1210 1056 1260 triumphum
1073 1223 1114 1249 se
1133 1212 1332 1261 postulare
1347 1210 1507 1250 dixisset
1527 1211 1673 1250 subito·
1694 1225 1731 1258 15

340 1287 417 1324 que
456 1275 585 1313 bonus
623 1273 834 1324 imperator
876 1280 996 1312 noctu
1035 1273 1073 1311 in
1119 1274 1257 1312 urbem
1300 1273 1474 1319 hostium
1512 1275 1671 1324 plenam

338 1338 554 1387 invasisset,
586 1339 626 1378 in
656 1346 836 1378 senatum
866 1353 907 1378 se
938 1353 1018 1378 non
1049 1339 1332 1377 committebat.
1393 1339 1556 1377 Interim
1586 1339 1673 1390 ipso

338 1403 496 1443 decimo
538 1403 613 1451 die,
659 1417 738 1453 quo
786 1417 877 1442 eum
920 1403 1127 1453 oportebat
1169 1403 1343 1441 hostium
1386 1417 1595 1442 numerum
1635 1411 1674 1443 et

339 1468 507 1507 militum
520 1468 754 1515 renuntiare,
769 1467 930 1517 inrepsit
943 1481 1098 1506 summa
1113 1467 1383 1517 infzequentia.
1438 1469 1542 1507 Cum
1557 1470 1674 1507 vellet

338 1532 732 1580 exire‚aconsulibus
745 1539 917 1570 retentus
931 1539 1007 1579 est3
1037 1531 1249 1570 introducti
1263 1531 1474 1582 publicani,
1534 1535 1673 1571 Homo
1695 1549 1733 1571 20

338 1597 515 1647 undique
536 1597 689 1636 saucius
710 1604 759 1645 et,
777 1611 868 1635 curn
888 1610 912 1635 a
927 1611 990 1635 me
1007 1596 1175 1635 maxime
1191 1598 1467 1645 vulneraretur,
1485 1610 1566 1636 non
1587 1598 1674 1636 tulit

338 1669 377 1701 et
403 1675 467 1700 me
497 1662 678 1700 trementi
703 1675 801 1700 voce
831 1663 1004 1700 exsulem
1031 1661 1251 1712 appellavit.
1312 1661 1393 1700 Hic
1418 1662 1459 1713 (o
1484 1661 1547 1701 di!
1577 1662 1675 1701 nihil

338 1740 528 1777 umquam
560 1727 882 1765 honorificentius
911 1726 1027 1765 nobis
1055 1726 1216 1778 accidit)
1246 1727 1486 1765 consurrexit
1515 1735 1673 1766 senatus

338 1805 430 1830 cum
450 1793 622 1830 clamore
641 1794 691 1831 ad
712 1806 836 1830 unum
857 1791 911 1830 sic
932 1799 974 1830 ut
993 1793 1045 1830 ad
1065 1805 1207 1842 corpus
1228 1791 1311 1830 eius
1331 1793 1535 1830 accederet
1549 1807 1560 1841 3
1589 1792 1672 1842 pari
1858 1797 1867 1835 ζ’

338 1858 509 1895 clamore
546 1865 665 1907 atque
703 1856 852 1906 impetu
886 1856 1096 1907 publicani.
1157 1856 1265 1906 Quid
1304 1856 1486 1906 quaeris?
1532 1870 1671 1896 omnes
1692 1872 1731 1906 25

337 1929 540 1972 tamquam
565 1921 596 1960 si
617 1929 658 1960 tu
685 1935 790 1960 esses
819 1921 872 1960 ita
898 1923 1063 1960 fuerunt.
1123 1921 1234 1960 Nihil
1258 1921 1464 1959 hominum
1491 1935 1673 1960 sermone

338 1985 429 2024 soris
446 1986 596 2025 clarius.
650 1988 736 2037 Ego
752 1993 885 2024 tamen
906 2000 962 2024 me
981 1993 1097 2024 teneo
1117 1986 1167 2024 ab
1183 1987 1419 2033 accusando,
1436 1986 1497 2024 vix
1513 2000 1576 2025 me
1592 1987 1675 2025 her-

338 2052 436 2098 cule,
459 2052 529 2089 sed
549 2058 681 2090 tamen
702 2059 819 2090 teneo
838 2053 899 2090 vel
920 2052 1029 2101 quod
1055 2053 1150 2089 nolo
1176 2065 1266 2089 cum
1289 2050 1480 2101 Pompeio
1500 2064 1674 2102 pugnare

339 2115 447 2167 (satis
481 2123 540 2155 est
569 2118 678 2167 quod
712 2116 830 2155 instat
859 2118 909 2155 de
940 2115 1110 2167 Milone)
1133 2117 1195 2154 vel
1224 2117 1333 2165 quod
1362 2115 1511 2154 iudices
1544 2117 1673 2154 nullos

384 2221 424 2250 16
446 2219 594 2250 hostium
612 2219 748 2259 plenam
766 2219 856 2249 Koch
873 2230 880 2250 z
904 2218 1048 2250 hostiurn
1070 2219 1171 2259 plane
1189 2217 1231 2248 M
1244 2219 1333 2259 vulg.
1352 2230 1360 2249 t
1393 2218 1549 2249 hostilem
1573 2218 1673 2258 plane

339 2263 373 2292 in
397 2264 532 2294 modum
561 2263 759 2303 I‘Vesenbctg,
787 2264 853 2294 coll.
879 2263 951 2293 Att.
976 2274 1006 2294 v.
1031 2272 1078 2300 13.
1102 2272 1116 2292 1
1257 2263 1295 2291 18
1318 2262 1465 2292 hostium
1490 2262 1671 2303 Rlv114g.:

338 2307 524 2337 hostiarum
543 2307 601 2337 M:
637 2307 781 2336 hostium
805 2306 992 2337 occisorum
1014 2305 1204 2345 H'esenbcrg
1337 2315 1376 2345 19
1399 2305 1541 2344 inrepsit
1560 2306 1605 2337 C:
1638 2306 1673 2337 in

339 2359 375 2379 re
393 2350 480 2380 hesit
498 2350 554 2380 M:
581 2350 663 2380 mire
681 2351 787 2380 haesit
804 2349 939 2390 Lipsius
1069 2348 1259 2388 frequentia
1275 2348 1342 2380 cod.
1364 2348 1479 2379 Laudi
1629 2359 1669 2380 21

339 2394 470 2423 saucius
486 2394 627 2432 Tyrrell:
652 2394 738 2424 atius
755 2394 806 2424 vel
818 2405 837 2424 a
855 2394 919 2424 tuis
934 2393 993 2423 M:
1018 2397 1112 2423 actus
1127 2393 1221 2423 Man.
1238 2403 1244 2423 :
1266 2397 1402 2432 saeptus
1416 2392 1510 2432 Boot,
1531 2393 1592 2423 alii
1605 2393 1672 2423 alia

340 2447 380 2476 27
406 2447 458 2467 me
475 2437 551 2468 add,
576 2436 783 2478 lVesenbngg:
807 2441 881 2468 ante
897 2437 938 2467 ab
956 2436 1032 2468 add.
1054 2436 1177 2468 Lamb.
