<?xml version="1.0" encoding="UTF-8"?>
<!DOCTYPE html PUBLIC "-//W3C//DTD XHTML 1.0 Transitional//EN"
    "http://www.w3.org/TR/xhtml1/DTD/xhtml1-transitional.dtd">
<html xmlns="http://www.w3.org/1999/xhtml" xml:lang="en" lang="en">
 <head>
  <title>
</title>
<meta http-equiv="Content-Type" content="text/html;charset=utf-8" />
  <meta name='ocr-system' content='tesseract 3.04.00' />
  <meta name='ocr-capabilities' content='ocr_page ocr_carea ocr_par ocr_line ocrx_word'/>
</head>
<body>
  <div class='ocr_page' id='page_1' title='image "./epistulaerecogno03ciceuoft_0122.png"; bbox 0 0 1871 2782; ppageno 0'>
   <div class='ocr_carea' id='block_1_1' title="bbox 195 1577 328 1612">
    <p class='ocr_par' dir='ltr' id='par_1_1' title="bbox 195 1577 328 1612">
     <span class='ocr_line' id='line_1_1' title="bbox 195 1577 328 1612; baseline 0 -3"><span class='ocrx_word' id='word_1_1' title='bbox 195 1577 328 1612; x_wconf 55' lang='lat' dir='ltr'>(wiva)</span> 
     </span>
    </p>
   </div>
   <div class='ocr_carea' id='block_1_2' title="bbox 302 144 1310 191">
    <p class='ocr_par' dir='ltr' id='par_1_2' title="bbox 302 144 1310 191">
     <span class='ocr_line' id='line_1_2' title="bbox 302 144 1310 191; baseline -0.006 0"><span class='ocrx_word' id='word_1_2' title='bbox 302 155 330 191; x_wconf 95' lang='grc' dir='ltr'>Ι.</span> <span class='ocrx_word' id='word_1_3' title='bbox 351 154 397 190; x_wconf 88' lang='lat' dir='ltr'>iv</span> <span class='ocrx_word' id='word_1_4' title='bbox 715 150 772 186; x_wconf 87' lang='lat' dir='ltr'>M.</span> <span class='ocrx_word' id='word_1_5' title='bbox 804 148 972 186; x_wconf 92' lang='lat' dir='ltr'>TVLLI</span> <span class='ocrx_word' id='word_1_6' title='bbox 1004 144 1310 187; x_wconf 86' lang='lat' dir='ltr'>CICERONIS</span> 
     </span>
    </p>
   </div>
   <div class='ocr_carea' id='block_1_3' title="bbox 305 258 1682 1274">
    <p class='ocr_par' dir='ltr' id='par_1_3' title="bbox 305 258 1682 1274">
     <span class='ocr_line' id='line_1_3' title="bbox 347 258 1680 309; baseline -0.002 -10"><span class='ocrx_word' id='word_1_7' title='bbox 347 260 467 307; x_wconf 89' lang='lat' dir='ltr'>iussit,</span> <span class='ocrx_word' id='word_1_8' title='bbox 492 260 531 298; x_wconf 90' lang='lat' dir='ltr'>id</span> <span class='ocrx_word' id='word_1_9' title='bbox 560 261 795 309; x_wconf 76' lang='lat' dir='ltr'>adroganter</span> <span class='ocrx_word' id='word_1_10' title='bbox 819 272 898 297; x_wconf 91' lang='lat' dir='ltr'>non</span> <span class='ocrx_word' id='word_1_11' title='bbox 929 258 1156 309; x_wconf 89' lang='lat' dir='ltr'>praeiudico</span> <span class='ocrx_word' id='word_1_12' title='bbox 1180 272 1310 309; x_wconf 85' lang='lat' dir='ltr'>neque</span> <span class='ocrx_word' id='word_1_13' title='bbox 1334 271 1477 297; x_wconf 82' lang='lat' dir='ltr'>revoco</span> <span class='ocrx_word' id='word_1_14' title='bbox 1503 259 1554 297; x_wconf 91' lang='lat' dir='ltr'>ad</span> <span class='ocrx_word' id='word_1_15' title='bbox 1582 259 1680 297; x_wconf 88' lang='lat' dir='ltr'>arbi-</span> 
     </span>
     <span class='ocr_line' id='line_1_4' title="bbox 347 325 1680 376; baseline -0.002 -11"><span class='ocrx_word' id='word_1_16' title='bbox 347 327 463 366; x_wconf 84' lang='lat' dir='ltr'>trium</span> <span class='ocrx_word' id='word_1_17' title='bbox 484 339 628 364; x_wconf 90' lang='lat' dir='ltr'>meum.</span> <span class='ocrx_word' id='word_1_18' title='bbox 690 327 795 364; x_wconf 87' lang='lat' dir='ltr'>Illud</span> <span class='ocrx_word' id='word_1_19' title='bbox 824 325 986 376; x_wconf 91' lang='lat' dir='ltr'>quidem</span> <span class='ocrx_word' id='word_1_20' title='bbox 1016 339 1097 364; x_wconf 91' lang='lat' dir='ltr'>non</span> <span class='ocrx_word' id='word_1_21' title='bbox 1127 333 1249 372; x_wconf 82' lang='lat' dir='ltr'>muto,</span> <span class='ocrx_word' id='word_1_22' title='bbox 1273 326 1382 375; x_wconf 91' lang='lat' dir='ltr'>quod</span> <span class='ocrx_word' id='word_1_23' title='bbox 1408 325 1443 363; x_wconf 91' lang='lat' dir='ltr'>ei</span> <span class='ocrx_word' id='word_1_24' title='bbox 1468 338 1586 374; x_wconf 90' lang='lat' dir='ltr'>quem</span> <span class='ocrx_word' id='word_1_25' title='bbox 1617 339 1680 363; x_wconf 87' lang='lat' dir='ltr'>me</span> 
     </span>
     <span class='ocr_line' id='line_1_5' title="bbox 346 389 1680 440; baseline -0.001 -10"><span class='ocrx_word' id='word_1_26' title='bbox 346 391 526 430; x_wconf 92' lang='lat' dir='ltr'>occidere</span> <span class='ocrx_word' id='word_1_27' title='bbox 558 404 617 429; x_wconf 90' lang='lat' dir='ltr'>res</span> <span class='ocrx_word' id='word_1_28' title='bbox 647 403 728 428; x_wconf 89' lang='lat' dir='ltr'>non</span> <span class='ocrx_word' id='word_1_29' title='bbox 758 390 885 440; x_wconf 80' lang='lat' dir='ltr'>coegit</span> <span class='ocrx_word' id='word_1_30' title='bbox 916 403 1045 439; x_wconf 90' lang='lat' dir='ltr'>neque</span> <span class='ocrx_word' id='word_1_31' title='bbox 1077 389 1285 428; x_wconf 78' lang='lat' dir='ltr'>crudeliter</span> <span class='ocrx_word' id='word_1_32' title='bbox 1314 389 1527 439; x_wconf 89' lang='lat' dir='ltr'>quicquam</span> <span class='ocrx_word' id='word_1_33' title='bbox 1556 390 1680 440; x_wconf 90' lang='lat' dir='ltr'>eripui</span> 
     </span>
     <span class='ocr_line' id='line_1_6' title="bbox 347 454 1680 506; baseline -0.001 -11"><span class='ocrx_word' id='word_1_34' title='bbox 347 470 477 506; x_wconf 92' lang='lat' dir='ltr'>neque</span> <span class='ocrx_word' id='word_1_35' title='bbox 498 455 688 494; x_wconf 81' lang='lat' dir='ltr'>dissolute</span> <span class='ocrx_word' id='word_1_36' title='bbox 709 455 922 506; x_wconf 89' lang='lat' dir='ltr'>quicquam</span> <span class='ocrx_word' id='word_1_37' title='bbox 944 454 1075 494; x_wconf 89' lang='lat' dir='ltr'>remisi</span> <span class='ocrx_word' id='word_1_38' title='bbox 1095 455 1296 505; x_wconf 66' lang='lat' dir='ltr'>habuique</span> <span class='ocrx_word' id='word_1_39' title='bbox 1317 454 1357 492; x_wconf 91' lang='lat' dir='ltr'>in</span> <span class='ocrx_word' id='word_1_40' title='bbox 1378 468 1466 493; x_wconf 90' lang='lat' dir='ltr'>mea</span> <span class='ocrx_word' id='word_1_41' title='bbox 1486 462 1680 505; x_wconf 76' lang='lat' dir='ltr'>potestate</span> 
     </span>
     <span class='ocr_line' id='line_1_7' title="bbox 347 519 1682 571; baseline -0.001 -12"><span class='ocrx_word' id='word_1_42' title='bbox 347 523 481 571; x_wconf 91' lang='lat' dir='ltr'>quoad</span> <span class='ocrx_word' id='word_1_43' title='bbox 501 521 650 559; x_wconf 86' lang='lat' dir='ltr'>bellum</span> <span class='ocrx_word' id='word_1_44' title='bbox 671 521 752 559; x_wconf 90' lang='lat' dir='ltr'>fuit.</span> <span class='ocrx_word' id='word_1_45' title='bbox 815 522 946 559; x_wconf 86' lang='lat' dir='ltr'>Multo</span> <span class='ocrx_word' id='word_1_46' title='bbox 967 520 1153 571; x_wconf 76' lang='lat' dir='ltr'>equidem</span> <span class='ocrx_word' id='word_1_47' title='bbox 1174 519 1378 558; x_wconf 82' lang='lat' dir='ltr'>honestius</span> <span class='ocrx_word' id='word_1_48' title='bbox 1394 519 1527 558; x_wconf 90' lang='lat' dir='ltr'>iudico</span> <span class='ocrx_word' id='word_1_49' title='bbox 1544 520 1682 570; x_wconf 88' lang='lat' dir='ltr'>magis-</span> 
     </span>
     <span class='ocr_line' id='line_1_8' title="bbox 348 585 1679 636; baseline -0.001 -12"><span class='ocrx_word' id='word_1_50' title='bbox 348 600 425 636; x_wconf 87' lang='lat' dir='ltr'>que</span> <span class='ocrx_word' id='word_1_51' title='bbox 446 587 555 636; x_wconf 92' lang='lat' dir='ltr'>quod</span> <span class='ocrx_word' id='word_1_52' title='bbox 576 587 795 624; x_wconf 85' lang='lat' dir='ltr'>concedere</span> <span class='ocrx_word' id='word_1_53' title='bbox 815 586 939 636; x_wconf 85' lang='lat' dir='ltr'>possit</span> <span class='ocrx_word' id='word_1_54' title='bbox 959 600 1019 624; x_wconf 90' lang='lat' dir='ltr'>res</span> <span class='ocrx_word' id='word_1_55' title='bbox 1039 585 1198 636; x_wconf 88' lang='lat' dir='ltr'>publica</span> <span class='ocrx_word' id='word_1_56' title='bbox 1222 585 1453 624; x_wconf 82' lang='lat' dir='ltr'>miserorum</span> <span class='ocrx_word' id='word_1_57' title='bbox 1483 587 1679 623; x_wconf 89' lang='lat' dir='ltr'>fortunam</span> 
     </span>
     <span class='ocr_line' id='line_1_9' title="bbox 347 650 1681 701; baseline -0.001 -12"><span class='ocrx_word' id='word_1_58' title='bbox 347 665 428 689; x_wconf 89' lang='lat' dir='ltr'>non</span> <span class='ocrx_word' id='word_1_59' title='bbox 449 650 629 689; x_wconf 87' lang='lat' dir='ltr'>insectari</span> <span class='ocrx_word' id='word_1_60' title='bbox 652 665 771 701; x_wconf 89' lang='lat' dir='ltr'>quam</span> <span class='ocrx_word' id='word_1_61' title='bbox 792 650 942 689; x_wconf 89' lang='lat' dir='ltr'>infinite</span> <span class='ocrx_word' id='word_1_62' title='bbox 969 650 1138 689; x_wconf 91' lang='lat' dir='ltr'>tribuere</span> <span class='ocrx_word' id='word_1_63' title='bbox 1162 650 1390 700; x_wconf 89' lang='lat' dir='ltr'>potentibus</span> <span class='ocrx_word' id='word_1_64' title='bbox 1411 664 1512 700; x_wconf 89' lang='lat' dir='ltr'>quae</span> <span class='ocrx_word' id='word_1_65' title='bbox 1533 650 1681 700; x_wconf 92' lang='lat' dir='ltr'>cupidi-</span> 
     </span>
     <span class='ocr_line' id='line_1_10' title="bbox 305 714 1678 765; baseline -0.001 -11"><span class='ocrx_word' id='word_1_66' title='bbox 305 725 329 762; x_wconf 89' lang='lat'>3</span> <span class='ocrx_word' id='word_1_67' title='bbox 349 723 468 754; x_wconf 90' lang='lat' dir='ltr'>tatem</span> <span class='ocrx_word' id='word_1_68' title='bbox 490 723 528 754; x_wconf 91' lang='lat' dir='ltr'>et</span> <span class='ocrx_word' id='word_1_69' title='bbox 547 715 819 765; x_wconf 81' lang='lat' dir='ltr'>adrogantiam</span> <span class='ocrx_word' id='word_1_70' title='bbox 838 715 1048 753; x_wconf 88' lang='lat' dir='ltr'>incendere</span> <span class='ocrx_word' id='word_1_71' title='bbox 1065 714 1226 765; x_wconf 86' lang='lat' dir='ltr'>possint.</span> <span class='ocrx_word' id='word_1_72' title='bbox 1288 716 1378 763; x_wconf 83' lang='lat' dir='ltr'>Qua</span> <span class='ocrx_word' id='word_1_73' title='bbox 1398 714 1438 752; x_wconf 89' lang='lat' dir='ltr'>in</span> <span class='ocrx_word' id='word_1_74' title='bbox 1458 729 1509 762; x_wconf 90' lang='lat' dir='ltr'>re,</span> <span class='ocrx_word' id='word_1_75' title='bbox 1526 715 1678 761; x_wconf 87' lang='lat' dir='ltr'>Cicero,</span> 
     </span>
     <span class='ocr_line' id='line_1_11' title="bbox 348 779 1679 831; baseline 0 -12"><span class='ocrx_word' id='word_1_76' title='bbox 348 781 404 819; x_wconf 87' lang='lat' dir='ltr'>vir</span> <span class='ocrx_word' id='word_1_77' title='bbox 425 781 574 831; x_wconf 91' lang='lat' dir='ltr'>optime</span> <span class='ocrx_word' id='word_1_78' title='bbox 600 788 720 830; x_wconf 88' lang='lat' dir='ltr'>atque</span> <span class='ocrx_word' id='word_1_79' title='bbox 745 780 953 819; x_wconf 89' lang='lat' dir='ltr'>fortissime</span> <span class='ocrx_word' id='word_1_80' title='bbox 982 779 1160 830; x_wconf 81' lang='lat' dir='ltr'>mihique</span> <span class='ocrx_word' id='word_1_81' title='bbox 1190 779 1329 818; x_wconf 87' lang='lat' dir='ltr'>merito</span> <span class='ocrx_word' id='word_1_82' title='bbox 1349 787 1387 818; x_wconf 89' lang='lat' dir='ltr'>et</span> <span class='ocrx_word' id='word_1_83' title='bbox 1408 794 1497 819; x_wconf 91' lang='lat' dir='ltr'>meo</span> <span class='ocrx_word' id='word_1_84' title='bbox 1518 780 1679 819; x_wconf 90' lang='lat' dir='ltr'>nomine</span> 
     </span>
     <span class='ocr_line' id='line_1_12' title="bbox 347 844 1679 896; baseline 0 -12"><span class='ocrx_word' id='word_1_85' title='bbox 347 853 385 884; x_wconf 89' lang='lat' dir='ltr'>et</span> <span class='ocrx_word' id='word_1_86' title='bbox 416 845 471 884; x_wconf 89' lang='lat' dir='ltr'>rei</span> <span class='ocrx_word' id='word_1_87' title='bbox 505 845 687 896; x_wconf 88' lang='lat' dir='ltr'>publicae</span> <span class='ocrx_word' id='word_1_88' title='bbox 719 844 928 892; x_wconf 87' lang='lat' dir='ltr'>carissime,</span> <span class='ocrx_word' id='word_1_89' title='bbox 962 844 1078 882; x_wconf 90' lang='lat' dir='ltr'>nimis</span> <span class='ocrx_word' id='word_1_90' title='bbox 1110 845 1269 883; x_wconf 90' lang='lat' dir='ltr'>credere</span> <span class='ocrx_word' id='word_1_91' title='bbox 1300 844 1443 884; x_wconf 89' lang='lat' dir='ltr'>videris</span> <span class='ocrx_word' id='word_1_92' title='bbox 1477 845 1560 896; x_wconf 90' lang='lat' dir='ltr'>spei</span> <span class='ocrx_word' id='word_1_93' title='bbox 1589 852 1679 884; x_wconf 90' lang='lat' dir='ltr'>tuae</span> 
     </span>
     <span class='ocr_line' id='line_1_13' title="bbox 346 909 1678 960; baseline 0.001 -12"><span class='ocrx_word' id='word_1_94' title='bbox 346 910 567 960; x_wconf 86' lang='lat' dir='ltr'>statimque,</span> <span class='ocrx_word' id='word_1_95' title='bbox 601 918 643 948; x_wconf 92' lang='lat' dir='ltr'>ut</span> <span class='ocrx_word' id='word_1_96' title='bbox 675 910 842 960; x_wconf 91' lang='lat' dir='ltr'>quisque</span> <span class='ocrx_word' id='word_1_97' title='bbox 872 909 1021 960; x_wconf 84' lang='lat' dir='ltr'>aliquid</span> <span class='ocrx_word' id='word_1_98' title='bbox 1051 917 1156 948; x_wconf 89' lang='lat' dir='ltr'>recte</span> <span class='ocrx_word' id='word_1_99' title='bbox 1185 909 1328 957; x_wconf 83' lang='lat' dir='ltr'>fecerit,</span> <span class='ocrx_word' id='word_1_100' title='bbox 1353 910 1486 948; x_wconf 88' lang='lat' dir='ltr'>omnia</span> <span class='ocrx_word' id='word_1_101' title='bbox 1512 912 1604 949; x_wconf 89' lang='lat' dir='ltr'>dare</span> <span class='ocrx_word' id='word_1_102' title='bbox 1633 924 1678 949; x_wconf 89' lang='lat' dir='ltr'>ac</span> 
     </span>
     <span class='ocr_line' id='line_1_14' title="bbox 346 974 1679 1026; baseline -0.002 -12"><span class='ocrx_word' id='word_1_103' title='bbox 346 976 581 1026; x_wconf 88' lang='lat' dir='ltr'>permittere,</span> <span class='ocrx_word' id='word_1_104' title='bbox 606 975 718 1026; x_wconf 90' lang='lat' dir='ltr'>quasi</span> <span class='ocrx_word' id='word_1_105' title='bbox 748 989 829 1013; x_wconf 90' lang='lat' dir='ltr'>non</span> <span class='ocrx_word' id='word_1_106' title='bbox 858 974 974 1013; x_wconf 82' lang='lat' dir='ltr'>liceat</span> <span class='ocrx_word' id='word_1_107' title='bbox 1004 974 1155 1013; x_wconf 83' lang='lat' dir='ltr'>traduci</span> <span class='ocrx_word' id='word_1_108' title='bbox 1175 976 1226 1013; x_wconf 93' lang='lat' dir='ltr'>ad</span> <span class='ocrx_word' id='word_1_109' title='bbox 1247 976 1350 1012; x_wconf 80' lang='lat' dir='ltr'>mala</span> <span class='ocrx_word' id='word_1_110' title='bbox 1370 974 1533 1013; x_wconf 87' lang='lat' dir='ltr'>consilia</span> <span class='ocrx_word' id='word_1_111' title='bbox 1553 989 1679 1013; x_wconf 92' lang='lat' dir='ltr'>corru-</span> 
     </span>
     <span class='ocr_line' id='line_1_15' title="bbox 345 1040 1678 1092; baseline 0 -13"><span class='ocrx_word' id='word_1_112' title='bbox 345 1049 456 1092; x_wconf 86' lang='lat' dir='ltr'>ptum</span> <span class='ocrx_word' id='word_1_113' title='bbox 477 1040 749 1090; x_wconf 85' lang='lat' dir='ltr'>largitionibus</span> <span class='ocrx_word' id='word_1_114' title='bbox 769 1040 956 1079; x_wconf 87' lang='lat' dir='ltr'>animum.</span> <span class='ocrx_word' id='word_1_115' title='bbox 1000 1041 1114 1088; x_wconf 86' lang='lat' dir='ltr'>Quae</span> <span class='ocrx_word' id='word_1_116' title='bbox 1135 1047 1202 1077; x_wconf 88' lang='lat' dir='ltr'>tua</span> <span class='ocrx_word' id='word_1_117' title='bbox 1222 1047 1280 1078; x_wconf 90' lang='lat' dir='ltr'>est</span> <span class='ocrx_word' id='word_1_118' title='bbox 1300 1040 1535 1088; x_wconf 88' lang='lat' dir='ltr'>humanitas,</span> <span class='ocrx_word' id='word_1_119' title='bbox 1550 1054 1678 1090; x_wconf 89' lang='lat' dir='ltr'>aequo</span> 
     </span>
     <span class='ocr_line' id='line_1_16' title="bbox 345 1105 1678 1155; baseline -0.001 -11"><span class='ocrx_word' id='word_1_120' title='bbox 345 1106 480 1144; x_wconf 88' lang='lat' dir='ltr'>animo</span> <span class='ocrx_word' id='word_1_121' title='bbox 512 1114 550 1144; x_wconf 91' lang='lat' dir='ltr'>te</span> <span class='ocrx_word' id='word_1_122' title='bbox 582 1105 733 1144; x_wconf 93' lang='lat' dir='ltr'>moneri</span> <span class='ocrx_word' id='word_1_123' title='bbox 762 1105 929 1155; x_wconf 85' lang='lat' dir='ltr'>patieris,</span> <span class='ocrx_word' id='word_1_124' title='bbox 961 1105 1188 1155; x_wconf 86' lang='lat' dir='ltr'>praesertim</span> <span class='ocrx_word' id='word_1_125' title='bbox 1219 1106 1269 1144; x_wconf 92' lang='lat' dir='ltr'>de</span> <span class='ocrx_word' id='word_1_126' title='bbox 1298 1105 1502 1143; x_wconf 92' lang='lat' dir='ltr'>communi</span> <span class='ocrx_word' id='word_1_127' title='bbox 1531 1107 1678 1153; x_wconf 80' lang='lat' dir='ltr'>salute3</span> 
     </span>
     <span class='ocr_line' id='line_1_17' title="bbox 345 1170 1678 1222; baseline 0 -13"><span class='ocrx_word' id='word_1_128' title='bbox 345 1171 463 1209; x_wconf 81' lang='lat' dir='ltr'>facies</span> <span class='ocrx_word' id='word_1_129' title='bbox 494 1178 626 1209; x_wconf 87' lang='lat' dir='ltr'>tamen</span> <span class='ocrx_word' id='word_1_130' title='bbox 656 1171 765 1222; x_wconf 90' lang='lat' dir='ltr'>quod</span> <span class='ocrx_word' id='word_1_131' title='bbox 795 1170 863 1209; x_wconf 87' lang='lat' dir='ltr'>tibi</span> <span class='ocrx_word' id='word_1_132' title='bbox 894 1170 1020 1209; x_wconf 87' lang='lat' dir='ltr'>visum</span> <span class='ocrx_word' id='word_1_133' title='bbox 1049 1170 1186 1219; x_wconf 80' lang='lat' dir='ltr'>fuerit3</span> <span class='ocrx_word' id='word_1_134' title='bbox 1230 1170 1349 1210; x_wconf 87' lang='lat' dir='ltr'>etiam</span> <span class='ocrx_word' id='word_1_135' title='bbox 1379 1184 1461 1222; x_wconf 88' lang='lat' dir='ltr'>ego,</span> <span class='ocrx_word' id='word_1_136' title='bbox 1494 1184 1585 1210; x_wconf 92' lang='lat' dir='ltr'>cum</span> <span class='ocrx_word' id='word_1_137' title='bbox 1614 1184 1678 1210; x_wconf 90' lang='lat' dir='ltr'>me</span> 
     </span>
     <span class='ocr_line' id='line_1_18' title="bbox 345 1234 674 1274; baseline 0 0"><span class='ocrx_word' id='word_1_138' title='bbox 345 1235 526 1274; x_wconf 89' lang='lat' dir='ltr'>docueris</span> <span class='ocrx_word' id='word_1_139' title='bbox 558 1235 576 1255; x_wconf 87' lang='grc'><strong>*</strong></span> <span class='ocrx_word' id='word_1_140' title='bbox 601 1234 619 1254; x_wconf 78' lang='grc'>*</span> <span class='ocrx_word' id='word_1_141' title='bbox 645 1235 674 1274; x_wconf 86' lang='grc'>*.</span> 
     </span>
    </p>
   </div>
   <div class='ocr_carea' id='block_1_4' title="bbox 387 1364 1329 1478">
    <p class='ocr_par' dir='ltr' id='par_1_4' title="bbox 387 1364 1329 1478">
     <span class='ocr_line' id='line_1_19' title="bbox 387 1364 1329 1410; baseline 0.003 -12"><span class='ocrx_word' id='word_1_142' title='bbox 387 1364 452 1398; x_wconf 92' lang='lat' dir='ltr'>IV</span> <span class='ocrx_word' id='word_1_143' title='bbox 466 1375 491 1399; x_wconf 84' lang='lat' dir='ltr'>a</span> <span class='ocrx_word' id='word_1_144' title='bbox 683 1367 753 1400; x_wconf 81' lang='lat' dir='ltr'>Ser.</span> <span class='ocrx_word' id='word_1_145' title='bbox 773 1378 813 1399; x_wconf 81' lang='lat' dir='ltr'>ex</span> <span class='ocrx_word' id='word_1_146' title='bbox 827 1368 939 1399; x_wconf 74' lang='lat' dir='ltr'>castris</span> <span class='ocrx_word' id='word_1_147' title='bbox 953 1367 1002 1399; x_wconf 87' lang='lat' dir='ltr'>Id.</span> <span class='ocrx_word' id='word_1_148' title='bbox 1022 1367 1103 1399; x_wconf 79' lang='lat' dir='ltr'>Mai.</span> <span class='ocrx_word' id='word_1_149' title='bbox 1123 1378 1152 1399; x_wconf 78' lang='lat' dir='ltr'>a.</span> <span class='ocrx_word' id='word_1_150' title='bbox 1175 1377 1229 1408; x_wconf 87' lang='lat'>711</span> <span class='ocrx_word' id='word_1_151' title='bbox 1247 1367 1329 1410; x_wconf 71' lang='lat'><em>(45).</em></span> 
     </span>
     <span class='ocr_line' id='line_1_20' title="bbox 730 1444 1296 1478; baseline 0.005 -3"><span class='ocrx_word' id='word_1_152' title='bbox 730 1444 919 1476; x_wconf 83' lang='lat' dir='ltr'><em>BRVTVS</em></span> <span class='ocrx_word' id='word_1_153' title='bbox 944 1445 1172 1476; x_wconf 83' lang='lat' dir='ltr'><em>CICERONI</em></span> <span class='ocrx_word' id='word_1_154' title='bbox 1190 1445 1296 1478; x_wconf 82' lang='lat' dir='ltr'><strong><em>SAL.</em></strong></span> 
     </span>
    </p>
   </div>
   <div class='ocr_carea' id='block_1_5' title="bbox 348 1522 1678 1640">
    <p class='ocr_par' dir='ltr' id='par_1_5' title="bbox 348 1522 1678 1640">
     <span class='ocr_line' id='line_1_21' title="bbox 405 1522 1678 1575; baseline 0.002 -13"><span class='ocrx_word' id='word_1_155' title='bbox 405 1523 422 1543; x_wconf 59' lang='lat'>⁷²·</span> <span class='ocrx_word' id='word_1_156' title='bbox 449 1522 466 1543; x_wconf 61' lang='lat'>³²</span> <span class='ocrx_word' id='word_1_157' title='bbox 493 1523 510 1542; x_wconf 70' lang='lat'>’¹‘</span> <span class='ocrx_word' id='word_1_158' title='bbox 535 1525 665 1571; x_wconf 89' lang='lat' dir='ltr'>Nune,</span> <span class='ocrx_word' id='word_1_159' title='bbox 689 1523 839 1571; x_wconf 86' lang='lat' dir='ltr'>Cicero,</span> <span class='ocrx_word' id='word_1_160' title='bbox 863 1538 969 1562; x_wconf 94' lang='lat' dir='ltr'>nunc</span> <span class='ocrx_word' id='word_1_161' title='bbox 990 1526 1187 1574; x_wconf 87' lang='lat' dir='ltr'>agendum</span> <span class='ocrx_word' id='word_1_162' title='bbox 1209 1531 1267 1563; x_wconf 90' lang='lat' dir='ltr'>est</span> <span class='ocrx_word' id='word_1_163' title='bbox 1292 1538 1342 1563; x_wconf 91' lang='lat' dir='ltr'>ne</span> <span class='ocrx_word' id='word_1_164' title='bbox 1363 1526 1502 1564; x_wconf 90' lang='lat' dir='ltr'>frustra</span> <span class='ocrx_word' id='word_1_165' title='bbox 1522 1538 1678 1575; x_wconf 89' lang='lat' dir='ltr'>oppres-</span> 
     </span>
     <span class='ocr_line' id='line_1_22' title="bbox 348 1588 1677 1640; baseline 0.002 -14"><span class='ocrx_word' id='word_1_166' title='bbox 348 1602 434 1627; x_wconf 91' lang='lat' dir='ltr'>sum</span> <span class='ocrx_word' id='word_1_167' title='bbox 455 1602 540 1627; x_wconf 90' lang='lat' dir='ltr'>esse</span> <span class='ocrx_word' id='word_1_168' title='bbox 561 1588 781 1627; x_wconf 91' lang='lat' dir='ltr'>Antonium</span> <span class='ocrx_word' id='word_1_169' title='bbox 797 1588 917 1639; x_wconf 84' lang='lat' dir='ltr'>gavisi</span> <span class='ocrx_word' id='word_1_170' title='bbox 938 1588 1059 1627; x_wconf 89' lang='lat' dir='ltr'>simus</span> <span class='ocrx_word' id='word_1_171' title='bbox 1080 1602 1157 1627; x_wconf 89' lang='lat' dir='ltr'>neu</span> <span class='ocrx_word' id='word_1_172' title='bbox 1179 1603 1332 1639; x_wconf 90' lang='lat' dir='ltr'>semper</span> <span class='ocrx_word' id='word_1_173' title='bbox 1351 1589 1465 1640; x_wconf 91' lang='lat' dir='ltr'>primi</span> <span class='ocrx_word' id='word_1_174' title='bbox 1487 1589 1677 1639; x_wconf 88' lang='lat' dir='ltr'>cuiusque</span> 
     </span>
    </p>
   </div>
   <div class='ocr_carea' id='block_1_6' title="bbox 235 1653 1676 1704">
    <p class='ocr_par' dir='ltr' id='par_1_6' title="bbox 235 1653 1676 1704">
     <span class='ocr_line' id='line_1_23' title="bbox 235 1653 1676 1704; baseline -0.001 -11"><span class='ocrx_word' id='word_1_175' title='bbox 235 1667 258 1693; x_wconf 91' lang='lat'>2</span> <span class='ocrx_word' id='word_1_176' title='bbox 276 1660 327 1704; x_wconf 76' lang='lat'>(4)</span> <span class='ocrx_word' id='word_1_177' title='bbox 348 1653 439 1691; x_wconf 89' lang='lat' dir='ltr'>mali</span> <span class='ocrx_word' id='word_1_178' title='bbox 453 1653 662 1692; x_wconf 85' lang='lat' dir='ltr'>excidendi</span> <span class='ocrx_word' id='word_1_179' title='bbox 678 1667 795 1692; x_wconf 88' lang='lat' dir='ltr'>causa</span> <span class='ocrx_word' id='word_1_180' title='bbox 811 1653 859 1691; x_wconf 92' lang='lat' dir='ltr'>sit</span> <span class='ocrx_word' id='word_1_181' title='bbox 879 1661 921 1691; x_wconf 94' lang='lat' dir='ltr'>ut</span> <span class='ocrx_word' id='word_1_182' title='bbox 941 1653 1048 1692; x_wconf 85' lang='lat' dir='ltr'>aliud</span> <span class='ocrx_word' id='word_1_183' title='bbox 1064 1661 1287 1692; x_wconf 84' lang='lat' dir='ltr'>renascatur</span> <span class='ocrx_word' id='word_1_184' title='bbox 1303 1654 1370 1693; x_wconf 92' lang='lat' dir='ltr'>illo</span> <span class='ocrx_word' id='word_1_185' title='bbox 1386 1654 1507 1704; x_wconf 86' lang='lat' dir='ltr'>peius.</span> <span class='ocrx_word' id='word_1_186' title='bbox 1567 1654 1676 1692; x_wconf 87' lang='lat' dir='ltr'>Nihil</span> 
     </span>
    </p>
   </div>
   <div class='ocr_carea' id='block_1_7' title="bbox 343 1718 1677 1900">
    <p class='ocr_par' dir='ltr' id='par_1_7' title="bbox 343 1718 1677 1900">
     <span class='ocr_line' id='line_1_24' title="bbox 346 1718 1677 1769; baseline 0.002 -13"><span class='ocrx_word' id='word_1_187' title='bbox 346 1718 423 1755; x_wconf 85' lang='lat' dir='ltr'>iam</span> <span class='ocrx_word' id='word_1_188' title='bbox 445 1732 574 1768; x_wconf 91' lang='lat' dir='ltr'>neque</span> <span class='ocrx_word' id='word_1_189' title='bbox 591 1718 845 1769; x_wconf 85' lang='lat' dir='ltr'>opinantibus</span> <span class='ocrx_word' id='word_1_190' title='bbox 865 1727 931 1757; x_wconf 88' lang='lat' dir='ltr'>aut</span> <span class='ocrx_word' id='word_1_191' title='bbox 952 1719 1192 1769; x_wconf 88' lang='lat' dir='ltr'>patientibus</span> <span class='ocrx_word' id='word_1_192' title='bbox 1213 1719 1328 1758; x_wconf 89' lang='lat' dir='ltr'>nobis</span> <span class='ocrx_word' id='word_1_193' title='bbox 1348 1719 1501 1758; x_wconf 90' lang='lat' dir='ltr'>adversi</span> <span class='ocrx_word' id='word_1_194' title='bbox 1522 1719 1677 1758; x_wconf 92' lang='lat' dir='ltr'>evenire</span> 
     </span>
     <span class='ocr_line' id='line_1_25' title="bbox 345 1783 1677 1835; baseline 0.001 -14"><span class='ocrx_word' id='word_1_195' title='bbox 345 1790 475 1833; x_wconf 89' lang='lat' dir='ltr'>potest</span> <span class='ocrx_word' id='word_1_196' title='bbox 504 1783 544 1821; x_wconf 93' lang='lat' dir='ltr'>in</span> <span class='ocrx_word' id='word_1_197' title='bbox 575 1797 655 1834; x_wconf 89' lang='lat' dir='ltr'>quo</span> <span class='ocrx_word' id='word_1_198' title='bbox 688 1798 770 1823; x_wconf 90' lang='lat' dir='ltr'>non</span> <span class='ocrx_word' id='word_1_199' title='bbox 802 1797 893 1822; x_wconf 92' lang='lat' dir='ltr'>cum</span> <span class='ocrx_word' id='word_1_200' title='bbox 924 1784 1103 1823; x_wconf 90' lang='lat' dir='ltr'>omnium</span> <span class='ocrx_word' id='word_1_201' title='bbox 1134 1786 1250 1835; x_wconf 86' lang='lat' dir='ltr'>culpa</span> <span class='ocrx_word' id='word_1_202' title='bbox 1270 1792 1354 1822; x_wconf 90' lang='lat' dir='ltr'>tum</span> <span class='ocrx_word' id='word_1_203' title='bbox 1374 1784 1583 1835; x_wconf 88' lang='lat' dir='ltr'>praecipue</span> <span class='ocrx_word' id='word_1_204' title='bbox 1610 1792 1677 1822; x_wconf 87' lang='lat' dir='ltr'>tua</span> 
     </span>
     <span class='ocr_line' id='line_1_26' title="bbox 343 1849 1675 1900; baseline 0.002 -14"><span class='ocrx_word' id='word_1_205' title='bbox 343 1850 472 1887; x_wconf 87' lang='lat' dir='ltr'>futura</span> <span class='ocrx_word' id='word_1_206' title='bbox 502 1849 559 1896; x_wconf 88' lang='lat' dir='ltr'>sit,</span> <span class='ocrx_word' id='word_1_207' title='bbox 593 1849 704 1887; x_wconf 91' lang='lat' dir='ltr'>cuius</span> <span class='ocrx_word' id='word_1_208' title='bbox 734 1857 883 1888; x_wconf 85' lang='lat' dir='ltr'>tantam</span> <span class='ocrx_word' id='word_1_209' title='bbox 913 1850 1187 1888; x_wconf 89' lang='lat' dir='ltr'>auctoritatem</span> <span class='ocrx_word' id='word_1_210' title='bbox 1226 1857 1384 1888; x_wconf 89' lang='lat' dir='ltr'>senatus</span> <span class='ocrx_word' id='word_1_211' title='bbox 1421 1863 1467 1888; x_wconf 89' lang='lat' dir='ltr'>ac</span> <span class='ocrx_word' id='word_1_212' title='bbox 1506 1851 1675 1900; x_wconf 89' lang='lat' dir='ltr'>populus</span> 
     </span>
    </p>
   </div>
   <div class='ocr_carea' id='block_1_8' title="bbox 344 1914 1732 1965">
    <p class='ocr_par' dir='ltr' id='par_1_8' title="bbox 344 1914 1732 1965">
     <span class='ocr_line' id='line_1_27' title="bbox 344 1914 1732 1965; baseline 0.001 -13"><span class='ocrx_word' id='word_1_213' title='bbox 344 1915 550 1952; x_wconf 90' lang='lat' dir='ltr'>Romanus</span> <span class='ocrx_word' id='word_1_214' title='bbox 578 1928 660 1953; x_wconf 93' lang='lat' dir='ltr'>non</span> <span class='ocrx_word' id='word_1_215' title='bbox 691 1916 819 1953; x_wconf 86' lang='lat' dir='ltr'>solum</span> <span class='ocrx_word' id='word_1_216' title='bbox 847 1928 931 1953; x_wconf 90' lang='lat' dir='ltr'>esse</span> <span class='ocrx_word' id='word_1_217' title='bbox 967 1915 1111 1965; x_wconf 90' lang='lat' dir='ltr'>patitur</span> <span class='ocrx_word' id='word_1_218' title='bbox 1145 1916 1215 1953; x_wconf 90' lang='lat' dir='ltr'>sed</span> <span class='ocrx_word' id='word_1_219' title='bbox 1247 1914 1364 1953; x_wconf 88' lang='lat' dir='ltr'>etiam</span> <span class='ocrx_word' id='word_1_220' title='bbox 1392 1914 1499 1965; x_wconf 92' lang='lat' dir='ltr'>cupit</span> <span class='ocrx_word' id='word_1_221' title='bbox 1528 1923 1675 1965; x_wconf 89' lang='lat' dir='ltr'>quanta</span> <span class='ocrx_word' id='word_1_222' title='bbox 1720 1929 1732 1936; x_wconf 85' lang='lat'>·</span> 
     </span>
    </p>
   </div>
   <div class='ocr_carea' id='block_1_9' title="bbox 342 1978 1674 2160">
    <p class='ocr_par' dir='ltr' id='par_1_9' title="bbox 342 1978 1674 2160">
     <span class='ocr_line' id='line_1_28' title="bbox 343 1978 1674 2030; baseline 0.002 -14"><span class='ocrx_word' id='word_1_223' title='bbox 343 1978 512 2016; x_wconf 85' lang='lat' dir='ltr'>maxima</span> <span class='ocrx_word' id='word_1_224' title='bbox 541 1978 581 2016; x_wconf 93' lang='lat' dir='ltr'>in</span> <span class='ocrx_word' id='word_1_225' title='bbox 610 1979 733 2018; x_wconf 89' lang='lat' dir='ltr'>libera</span> <span class='ocrx_word' id='word_1_226' title='bbox 759 1979 915 2018; x_wconf 91' lang='lat' dir='ltr'>civitate</span> <span class='ocrx_word' id='word_1_227' title='bbox 943 1979 1060 2018; x_wconf 84' lang='lat' dir='ltr'>unius</span> <span class='ocrx_word' id='word_1_228' title='bbox 1087 1993 1172 2018; x_wconf 90' lang='lat' dir='ltr'>esse</span> <span class='ocrx_word' id='word_1_229' title='bbox 1198 1987 1352 2030; x_wconf 79' lang='lat' dir='ltr'>potest3</span> <span class='ocrx_word' id='word_1_230' title='bbox 1382 1993 1501 2030; x_wconf 88' lang='lat' dir='ltr'>quam</span> <span class='ocrx_word' id='word_1_231' title='bbox 1525 1988 1567 2018; x_wconf 92' lang='lat' dir='ltr'>tu</span> <span class='ocrx_word' id='word_1_232' title='bbox 1593 1995 1674 2019; x_wconf 88' lang='lat' dir='ltr'>non</span> 
     </span>
     <span class='ocr_line' id='line_1_29' title="bbox 342 2044 1670 2095; baseline 0.001 -13"><span class='ocrx_word' id='word_1_233' title='bbox 342 2045 469 2081; x_wconf 90' lang='lat' dir='ltr'>solum</span> <span class='ocrx_word' id='word_1_234' title='bbox 509 2045 612 2083; x_wconf 91' lang='lat' dir='ltr'>bene</span> <span class='ocrx_word' id='word_1_235' title='bbox 652 2045 860 2083; x_wconf 89' lang='lat' dir='ltr'>sentiendo</span> <span class='ocrx_word' id='word_1_236' title='bbox 900 2046 969 2083; x_wconf 91' lang='lat' dir='ltr'>sed</span> <span class='ocrx_word' id='word_1_237' title='bbox 1008 2044 1126 2083; x_wconf 90' lang='lat' dir='ltr'>etiam</span> <span class='ocrx_word' id='word_1_238' title='bbox 1160 2046 1373 2095; x_wconf 89' lang='lat' dir='ltr'>prudenter</span> <span class='ocrx_word' id='word_1_239' title='bbox 1406 2044 1504 2083; x_wconf 89' lang='lat' dir='ltr'>tueri</span> <span class='ocrx_word' id='word_1_240' title='bbox 1538 2046 1670 2084; x_wconf 87' lang='lat' dir='ltr'>debes.</span> 
     </span>
     <span class='ocr_line' id='line_1_30' title="bbox 343 2109 1674 2160; baseline 0.002 -14"><span class='ocrx_word' id='word_1_241' title='bbox 343 2109 557 2147; x_wconf 87' lang='lat' dir='ltr'>Prudentia</span> <span class='ocrx_word' id='word_1_242' title='bbox 577 2123 703 2160; x_wconf 88' lang='lat' dir='ltr'>porro,</span> <span class='ocrx_word' id='word_1_243' title='bbox 727 2123 828 2159; x_wconf 89' lang='lat' dir='ltr'>quae</span> <span class='ocrx_word' id='word_1_244' title='bbox 848 2109 919 2148; x_wconf 89' lang='lat' dir='ltr'>tibi</span> <span class='ocrx_word' id='word_1_245' title='bbox 946 2117 1132 2160; x_wconf 89' lang='lat' dir='ltr'>superest,</span> <span class='ocrx_word' id='word_1_246' title='bbox 1155 2111 1263 2148; x_wconf 88' lang='lat' dir='ltr'>nulla</span> <span class='ocrx_word' id='word_1_247' title='bbox 1282 2111 1352 2149; x_wconf 87' lang='lat' dir='ltr'>abs</span> <span class='ocrx_word' id='word_1_248' title='bbox 1374 2117 1411 2149; x_wconf 92' lang='lat' dir='ltr'>te</span> <span class='ocrx_word' id='word_1_249' title='bbox 1432 2110 1674 2149; x_wconf 84' lang='lat' dir='ltr'>desideratur</span> 
     </span>
    </p>
   </div>
   <div class='ocr_carea' id='block_1_10' title="bbox 342 2213 1672 2429">
    <p class='ocr_par' dir='ltr' id='par_1_10' title="bbox 342 2213 1672 2429">
     <span class='ocr_line' id='line_1_31' title="bbox 384 2213 1672 2254; baseline 0.002 -11"><span class='ocrx_word' id='word_1_250' title='bbox 384 2214 405 2242; x_wconf 88' lang='lat'><strong>6</strong></span> <span class='ocrx_word' id='word_1_251' title='bbox 429 2214 621 2244; x_wconf 87' lang='lat' dir='ltr'>conducere</span> <span class='ocrx_word' id='word_1_252' title='bbox 639 2215 745 2253; x_wconf 89' lang='lat' dir='ltr'>possit</span> <span class='ocrx_word' id='word_1_253' title='bbox 763 2214 845 2253; x_wconf 86' lang='lat' dir='ltr'>reip.</span> <span class='ocrx_word' id='word_1_254' title='bbox 867 2213 920 2244; x_wconf 80' lang='lat' dir='ltr'>M2</span> <span class='ocrx_word' id='word_1_255' title='bbox 936 2214 971 2244; x_wconf 83' lang='lat' dir='ltr'>in</span> <span class='ocrx_word' id='word_1_256' title='bbox 989 2225 1096 2254; x_wconf 70' lang='lat' dir='ltr'>marg.</span> <span class='ocrx_word' id='word_1_257' title='bbox 1236 2225 1274 2244; x_wconf 83' lang='lat'>12</span> <span class='ocrx_word' id='word_1_258' title='bbox 1299 2213 1397 2245; x_wconf 85' lang='lat' dir='ltr'>liceat</span> <span class='ocrx_word' id='word_1_259' title='bbox 1413 2214 1501 2246; x_wconf 85' lang='lat' dir='ltr'>codd.</span> <span class='ocrx_word' id='word_1_260' title='bbox 1516 2226 1522 2246; x_wconf 90' lang='lat'><strong>:</strong></span> <span class='ocrx_word' id='word_1_261' title='bbox 1548 2215 1672 2254; x_wconf 83' lang='lat' dir='ltr'>liqueat</span> 
     </span>
     <span class='ocr_line' id='line_1_32' title="bbox 343 2255 1671 2298; baseline 0.002 -13"><span class='ocrx_word' id='word_1_262' title='bbox 343 2255 500 2297; x_wconf 65' lang='lat' dir='ltr'>filadvtg:</span> <span class='ocrx_word' id='word_1_263' title='bbox 526 2257 629 2287; x_wconf 86' lang='lat' dir='ltr'>libeat</span> <span class='ocrx_word' id='word_1_264' title='bbox 645 2257 696 2288; x_wconf 79' lang='lat' dir='ltr'>vel</span> <span class='ocrx_word' id='word_1_265' title='bbox 709 2258 828 2288; x_wconf 87' lang='lat' dir='ltr'>deceat</span> <span class='ocrx_word' id='word_1_266' title='bbox 846 2258 923 2288; x_wconf 80' lang='lat' dir='ltr'>coni.</span> <span class='ocrx_word' id='word_1_267' title='bbox 945 2257 1069 2288; x_wconf 79' lang='lat' dir='ltr'>Mz&#39;c&#39;ller</span> <span class='ocrx_word' id='word_1_268' title='bbox 1174 2267 1213 2296; x_wconf 85' lang='lat'>19</span> <span class='ocrx_word' id='word_1_269' title='bbox 1239 2258 1331 2297; x_wconf 78' lang='lat' dir='ltr'>Quae</span> <span class='ocrx_word' id='word_1_270' title='bbox 1346 2262 1531 2298; x_wconf 74' lang='lat' dir='ltr'>sequuntur</span> <span class='ocrx_word' id='word_1_271' title='bbox 1542 2262 1671 2297; x_wconf 75' lang='lat' dir='ltr'>partem</span> 
     </span>
     <span class='ocr_line' id='line_1_33' title="bbox 342 2300 1669 2339; baseline 0.003 -11"><span class='ocrx_word' id='word_1_272' title='bbox 342 2310 406 2328; x_wconf 76' lang='lat' dir='ltr'>csse</span> <span class='ocrx_word' id='word_1_273' title='bbox 432 2311 533 2330; x_wconf 80' lang='lat' dir='ltr'>novae</span> <span class='ocrx_word' id='word_1_274' title='bbox 557 2301 709 2339; x_wconf 80' lang='lat' dir='ltr'>epislulae</span> <span class='ocrx_word' id='word_1_275' title='bbox 733 2302 928 2331; x_wconf 77' lang='lat' dir='ltr'>monstravit</span> <span class='ocrx_word' id='word_1_276' title='bbox 954 2301 994 2332; x_wconf 90' lang='lat' dir='ltr'>O.</span> <span class='ocrx_word' id='word_1_277' title='bbox 1015 2301 1053 2332; x_wconf 85' lang='lat' dir='ltr'>E.</span> <span class='ocrx_word' id='word_1_278' title='bbox 1074 2300 1227 2331; x_wconf 76' lang='lat' dir='ltr'>Schmidt</span> <span class='ocrx_word' id='word_1_279' title='bbox 1390 2301 1486 2332; x_wconf 87' lang='lat' dir='ltr'>Nunc</span> <span class='ocrx_word' id='word_1_280' title='bbox 1513 2301 1572 2332; x_wconf 71' lang='grc' dir='ltr'>Με</span> <span class='ocrx_word' id='word_1_281' title='bbox 1606 2302 1669 2333; x_wconf 91' lang='lat' dir='ltr'>hoe</span> 
     </span>
     <span class='ocr_line' id='line_1_34' title="bbox 342 2343 1668 2385; baseline 0.002 -13"><span class='ocrx_word' id='word_1_282' title='bbox 342 2343 420 2373; x_wconf 79' lang='lat' dir='ltr'>coni.</span> <span class='ocrx_word' id='word_1_283' title='bbox 442 2343 630 2384; x_wconf 47' lang='lat' dir='ltr'>lisssenbmg</span> <span class='ocrx_word' id='word_1_284' title='bbox 698 2345 884 2385; x_wconf 82' lang='lat' dir='ltr'>agendum]</span> <span class='ocrx_word' id='word_1_285' title='bbox 904 2345 1089 2375; x_wconf 85' lang='lat' dir='ltr'>cavendum</span> <span class='ocrx_word' id='word_1_286' title='bbox 1109 2344 1203 2374; x_wconf 81' lang='lat' dir='ltr'>Cobet</span> <span class='ocrx_word' id='word_1_287' title='bbox 1303 2355 1342 2375; x_wconf 89' lang='lat'>21</span> <span class='ocrx_word' id='word_1_288' title='bbox 1369 2346 1536 2375; x_wconf 88' lang='lat' dir='ltr'>excidium</span> <span class='ocrx_word' id='word_1_289' title='bbox 1557 2345 1668 2376; x_wconf 81' lang='lat' dir='ltr'>Cobet:</span> 
     </span>
     <span class='ocr_line' id='line_1_35' title="bbox 342 2385 1535 2429; baseline 0.003 -14"><span class='ocrx_word' id='word_1_290' title='bbox 342 2385 399 2415; x_wconf 80' lang='lat' dir='ltr'>sed</span> <span class='ocrx_word' id='word_1_291' title='bbox 412 2387 503 2416; x_wconf 69' lang='lat' dir='ltr'>verba</span> <span class='ocrx_word' id='word_1_292' title='bbox 521 2398 586 2417; x_wconf 81' lang='lat' dir='ltr'>non</span> <span class='ocrx_word' id='word_1_293' title='bbox 604 2387 806 2418; x_wconf 72' lang='lat' dir='ltr'>sollicitanda</span> <span class='ocrx_word' id='word_1_294' title='bbox 823 2391 901 2418; x_wconf 79' lang='lat' dir='ltr'>sunt</span> <span class='ocrx_word' id='word_1_295' title='bbox 910 2399 924 2426; x_wconf 86' lang='lat'><em>;</em></span> <span class='ocrx_word' id='word_1_296' title='bbox 946 2388 984 2427; x_wconf 71' lang='lat' dir='ltr'>Cf·</span> <span class='ocrx_word' id='word_1_297' title='bbox 1006 2387 1091 2418; x_wconf 77' lang='lat' dir='ltr'>Phil.</span> <span class='ocrx_word' id='word_1_298' title='bbox 1112 2388 1132 2418; x_wconf 89' lang='lat' dir='ltr'>i.</span> <span class='ocrx_word' id='word_1_299' title='bbox 1154 2389 1214 2418; x_wconf 79' lang='lat'>28:</span> <span class='ocrx_word' id='word_1_300' title='bbox 1241 2387 1314 2419; x_wconf 80' lang='lat' dir='ltr'><em>Div.</em></span> <span class='ocrx_word' id='word_1_301' title='bbox 1336 2389 1369 2418; x_wconf 76' lang='lat' dir='ltr'>in</span> <span class='ocrx_word' id='word_1_302' title='bbox 1389 2388 1472 2420; x_wconf 82' lang='lat' dir='ltr'>Cacc.</span> <span class='ocrx_word' id='word_1_303' title='bbox 1493 2398 1535 2429; x_wconf 88' lang='lat'>59</span> 
     </span>
    </p>
   </div>
   <div class='ocr_carea' id='block_1_11' title="bbox 1702 1184 1738 1215">
    <p class='ocr_par' dir='ltr' id='par_1_11' title="bbox 1702 769 1871 1383">
     <span class='ocr_line' id='line_1_36' title="bbox 1702 1184 1738 1215; baseline 0 168"><span class='ocrx_word' id='word_1_304' title='bbox 1702 1184 1738 1215; x_wconf 24' lang='lat' dir='ltr'>ff</span> 
     </span>
    </p>
   </div>
  </div>
 </body>
</html>
