1871 2782
282 161 325 198 13
347 167 388 198 50
714 149 762 196 Q.
795 147 962 184 TVLLI
994 146 1301 185 CICERONIS

341 259 526 306 oratione,
546 259 685 297 eadem
701 259 751 296 ad
768 271 964 296 rumorem
981 258 1341 297 concelebrandum
1354 258 1495 305 valent,
1511 257 1670 297 dicendi

340 326 434 370 laus,
468 323 597 361 studia
631 322 933 373 publicanorum
972 330 1009 361 et
1043 322 1232 372 equestris
1270 321 1429 369 ordinis,
1463 322 1670 360 hominum

340 388 533 427 nobilium
561 389 752 435 voluntas,
775 389 1160 426 adulescentulorum
1187 387 1415 437 frequentia,
1439 401 1574 425 eorum
1604 387 1671 437 qui

340 454 410 492 abs
427 460 464 491 te
481 452 632 491 defensi
649 460 739 490 sunt
758 451 985 498 adsiduitas,
1002 466 1048 491 ex
1065 451 1287 502 niunic.piis
1309 451 1521 490 multitudo
1535 465 1672 490 eorum

341 531 440 567 quos
461 525 528 555 tua
548 531 666 556 causa
685 516 838 556 venisse
858 524 1053 567 appareat,
1078 517 1180 555 bene
1207 523 1240 555 te
1266 524 1309 554 ut
1333 516 1516 555 homines
1543 529 1670 564 nosse,

341 581 505 621 comiter
535 584 740 632 appellare,
774 581 940 620 adsidue
971 581 1176 631 diligenter
1206 588 1348 632 petere,
1379 581 1593 631 benignum
1627 595 1674 620 ac

341 647 542 685 liberalem
569 660 654 685 esse
683 652 721 684 et
746 648 956 696 loquantur
985 654 1022 684 et
1052 645 1284 693 existiment,
1307 647 1450 685 domus
1480 653 1522 684 ut
1552 647 1675 683 multa

322 712 459 750 ‘nocte
489 713 742 762 compleatur,
775 711 951 750 omnium
983 724 1170 760 generum
1200 711 1418 760 frequentia
1446 710 1558 763 adsit,
1583 710 1675 749 satis

286 983 322 1015 51

343 777 409 814 fiat
441 776 617 814 oratione
649 775 844 821 omnibus,
880 789 919 814 re
953 788 1151 825 operaque
1182 774 1314 813 multis
1332 789 1342 823 3
1384 775 1606 825 perficiatur
1635 775 1675 814 id

344 842 452 891 quod
483 840 564 879 fieri
593 848 723 890 potest
752 840 886 878 labore
924 847 962 878 et
995 847 1077 878 arte
1115 853 1160 877 ac
1199 839 1410 889 diligentia,
1433 853 1514 878 non
1544 847 1586 878 ut
1624 841 1675 879 ad

344 907 536 956 populum
572 906 622 943 ab
660 904 719 943 his
758 905 943 943 omnibus
982 906 1086 943 fama
1123 905 1323 955 perveniat
1362 906 1432 943 sed
1466 912 1508 943 ut
1546 905 1586 943 in
1615 905 1676 944 his

346 970 483 1009 studiis
515 971 685 1020 populus
717 969 800 1020 ipse
830 976 1012 1008 versetur.
1074 971 1159 1007 Iam
1191 969 1382 1008 urbanam
1413 969 1519 1008 illam
1550 970 1678 1008 multi-

346 1035 524 1074 tudinem
545 1042 583 1073 et
604 1049 740 1073 eorum
761 1034 890 1073 studia
910 1034 977 1085 qui
998 1034 1204 1073 contiones
1233 1042 1369 1074 tenent
1388 1036 1555 1085 adeptus
1575 1048 1616 1074 es
1637 1034 1677 1072 in

347 1100 538 1151 Pompeio
560 1101 753 1147 ornando,
775 1099 915 1138 Manili
936 1113 1055 1138 causa
1080 1099 1315 1150 recipienda,
1341 1099 1526 1139 Cornelio
1547 1101 1678 1139 defen-

346 1168 507 1213 dendo3
550 1165 757 1204 excitanda
791 1164 906 1203 nobis
945 1172 1035 1203 sunt
1078 1178 1179 1215 quae
1214 1166 1345 1203 adhuc
1383 1164 1521 1203 habuit
1558 1178 1678 1204 nemo

346 1231 441 1281 quin
489 1231 594 1269 idem
637 1230 934 1280 splendidorum
982 1229 1190 1268 hominum
1235 1232 1456 1269 voluntates
1504 1231 1675 1269 haberet.

291 1442 327 1474 52

348 1296 610 1335 Efficiendum
639 1295 754 1334 etiam
787 1295 883 1334 illud
917 1302 975 1334 est
1009 1302 1051 1333 ut
1085 1295 1209 1334 sciant
1239 1309 1377 1333 omnes
1408 1297 1479 1334 Cn.
1513 1295 1679 1345 Pompei

348 1375 543 1400 summam
573 1374 658 1399 esse
687 1374 777 1410 erga
805 1368 843 1399 te
872 1362 1115 1399 voluntatem
1150 1368 1187 1399 et
1216 1362 1469 1399 vehementer
1496 1361 1547 1398 ad
1577 1360 1678 1398 illius

349 1427 517 1465 rationes
539 1433 576 1464 te
597 1426 637 1464 id
656 1425 821 1476 adsequi
848 1427 956 1476 quod
982 1425 1082 1476 petis
1108 1425 1311 1476 pertinere.
1371 1428 1577 1464 Postremo
1597 1433 1679 1463 tota

349 1492 486 1543 petitio
516 1505 607 1530 cura
627 1498 669 1529 ut
693 1505 863 1542 pompae
886 1493 1003 1541 plena
1027 1491 1084 1537 sit,
1109 1498 1151 1530 ut
1180 1491 1361 1539 inlustris,
1384 1499 1427 1529 ut
1456 1491 1674 1541 splendida,

348 1565 391 1596 ut
411 1556 608 1607 popularis
630 1556 689 1604 sit,
712 1564 753 1595 ut
777 1557 921 1596 habeat
947 1571 1143 1595 summam
1170 1557 1342 1607 speciem
1367 1570 1412 1595 ac
1432 1556 1678 1606 dignitatem,

349 1630 392 1660 ut
412 1622 530 1661 etiam
551 1621 582 1660 si
604 1626 730 1672 †quae
750 1622 877 1672 poscit
897 1626 971 1661 ne†
993 1622 1317 1673 competitoribus
1339 1621 1414 1660 tuis
1436 1621 1593 1660 exsistat
1613 1629 1681 1660 aut

350 1687 504 1726 sceleris
525 1694 591 1725 aut
612 1687 785 1726 libidinis
811 1695 877 1725 aut
901 1687 1114 1737 largitionis
1135 1688 1436 1726 accommodata
1464 1688 1515 1725 ad
1544 1700 1681 1725 eorum

293 1770 332 1803 53
352 1766 480 1790 mores
520 1752 690 1791 infamia.
767 1755 900 1803 Atque
939 1752 1056 1791 etiam
1094 1752 1135 1790 in
1172 1754 1246 1791 hac
1284 1752 1474 1803 petitione
1512 1752 1682 1791 maxime

351 1817 567 1856 videndum
589 1825 646 1856 est
668 1824 709 1855 ut
731 1831 819 1867 spes
848 1817 902 1856 rei
931 1817 1113 1868 publicae
1134 1818 1240 1856 bona
1260 1819 1310 1856 de
1330 1825 1367 1856 te
1389 1818 1437 1855 sit
1458 1825 1495 1856 et
1515 1819 1682 1856 honesta

351 1882 510 1932 opinio;
540 1896 613 1920 nec
645 1889 777 1921 tamen
811 1882 851 1920 in
880 1884 1053 1932 petendo
1080 1896 1139 1920 res
1166 1882 1324 1932 publica
1353 1884 1595 1932 capessenda
1624 1891 1682 1921 est

353 1960 482 1996 neque
520 1947 559 1985 in
598 1955 735 1986 senatu
774 1961 904 1998 neque
942 1947 981 1985 in
1020 1947 1217 1994 contione,
1256 1949 1325 1986 sed
1359 1948 1457 1986 haec
1488 1947 1558 1986 tibi
1593 1955 1683 1986 sunt

354 2012 559 2051 retinenda
594 2020 636 2050 ut
671 2020 828 2051 senatus
863 2020 900 2051 te
934 2012 1128 2051 existimet
1161 2026 1207 2051 ex
1241 2026 1289 2051 eo
1323 2014 1432 2062 quod
1463 2013 1516 2051 ita
1546 2012 1684 2052 vixeris

399 2126 418 2155 5
443 2122 475 2147 te
494 2116 567 2147 add.
588 2116 704 2148 Lamb.
798 2127 898 2148 nosse
915 2128 951 2148 se
975 2117 1096 2157 Tyr-rell
1203 2117 1224 2146 6
1249 2117 1428 2156 diligenter
1444 2116 1532 2146 FH:
1555 2128 1592 2147 ac
1611 2117 1682 2147 dili-

356 2165 476 2199 genter
492 2160 586 2190 deth:
620 2161 687 2191 secl.
708 2161 864 2191 Biiclzcler
1015 2171 1031 2199 7
1057 2166 1090 2191 et
1117 2160 1191 2191 add.
1217 2161 1405 2201 IVeseuberg
1513 2161 1614 2191 multa
1642 2161 1683 2190 de

358 2209 456 2233 nocte
473 2205 552 2234 coni.
571 2204 728 2234 Biidteler
853 2214 886 2234 11
914 2204 955 2235 ab
972 2204 1011 2234 iis
1028 2205 1218 2234 horninibus
1235 2204 1353 2235 Lami).
1487 2215 1527 2234 22
1552 2205 1579 2234 si
1596 2214 1683 2242 quae

358 2248 467 2286 poscit
487 2249 611 2287 (poscis
628 2248 670 2283 F)
691 2259 732 2278 ne
750 2248 838 2279 FH:
865 2249 892 2278 si
913 2249 990 2287 quid
1015 2248 1122 2287 possit
1146 2258 1188 2278 ne
1213 2247 1284 2278 dell.
1304 2259 1310 2277 :
1338 2248 1364 2277 si
1382 2258 1447 2285 qua
1470 2248 1574 2286 possit
1598 2258 1683 2278 nova

356 2291 434 2321 coni.
448 2290 624 2322 Bz'iclzcl‹·r:
652 2291 679 2321 si
697 2302 762 2330 qua
780 2292 895 2332 possit,
910 2292 943 2321 in
960 2292 1155 2323 Palernms:
1184 2291 1212 2321 si
1230 2291 1305 2330 quoi
1326 2292 1431 2330 possit
1448 2302 1466 2321 e
1483 2291 1662 2321 Gulielmus
1678 2302 1684 2321 :

359 2344 384 2363 Sl
410 2345 474 2372 qua
498 2335 614 2373 possit.
637 2346 678 2364 ne
697 2335 793 2365 Klolz
905 2336 948 2365 26
972 2335 1161 2375 respublica
1184 2333 1241 2365 dcl.
1268 2334 1418 2364 Ba'lzrens
1533 2335 1574 2364 28
1600 2335 1685 2374 opti-

360 2378 470 2407 nenda
488 2379 564 2408 (oni.
585 2378 734 2409 Bti'lzrcns

1698 853 1734 875 10

1699 1502 1738 1524 20

1703 1828 1739 1860 25
