1871 2782
674 155 730 192 M.
763 153 930 191 TVLLI
962 150 1268 191 CICERONIS

651 263 717 294 AD
743 264 937 294 EVNDEM
965 263 1106 293 EPIST.
1134 261 1220 292 LIB.
1251 260 1293 292 11.

365 350 420 386 17.
453 336 609 376 Nonius
628 341 671 385 p.
691 347 750 388 33.
782 347 822 387 13
853 337 914 373 Μ
949 335 1102 373 Tullius
1128 334 1182 371 aa'
1217 335 1418 372 Caesarem
1450 333 1636 372 iuniorem

306 403 557 452 epistularum
591 401 653 439 lib.
685 402 759 438 ll:
788 401 858 438 sed
890 400 942 438 ita
973 401 1128 437 locutus
1159 398 1305 436 insulse
1338 405 1396 436 est
1427 405 1470 436 ut
1494 397 1635 436 mirum

306 474 463 506 senatus
484 465 708 505 convicium
729 466 934 517 exceperit.

365 533 421 569 18.
453 532 557 569 Non.
578 537 619 580 p.
634 543 693 582 33.
714 543 764 568 21
789 533 849 569 M.
879 533 1029 569 Tullius
1058 533 1113 569 ad
1141 530 1343 569 Caesarem
1372 530 1559 568 iuniorem
1587 530 1675 568 IJ5

306 597 428 634 ll'lvro:
461 595 499 633 in
522 609 602 646 quo
623 603 689 634 tua
718 609 780 634 me
805 596 1030 646 provocavit
1060 595 1194 642 oratio,
1219 608 1307 633 mea
1336 601 1550 633 consecuta
1579 601 1637 632 est

306 661 444 711 segnis.

365 741 421 776 19.
453 728 558 765 Nan.
584 733 627 776 p.
660 738 745 778 273.
776 739 802 775 4
835 729 896 765 M.
935 728 1086 765 Tullius
1119 727 1173 763 aa'
1213 727 1415 765 Caesarem
1450 725 1637 762 iuniorem

307 793 368 829 lib.
406 793 481 830 II:
523 805 614 830 curn
661 800 857 830 constaret
897 793 1107 831 Caesarem
1153 790 1342 841 Lupercis
1387 789 1428 828 id
1472 788 1637 839 vectigal

306 857 474 895 dedisse.
536 855 617 904 Qui
637 864 770 895 autem
791 864 943 906 poterat
963 856 1004 895 id
1024 857 1234 894 constare?

362 935 421 958 20.
454 922 558 958 Nan.
582 927 625 970 p.
654 921 746 959 288.
777 933 827 971 25
851 923 912 959 M.
952 923 1105 960 Tullius
1131 922 1186 958 ad
1217 922 1418 960 Caesarem
1450 919 1637 958 iuniorem

306 987 367 1023 lib.
389 987 466 1024 II:
496 987 547 1024 ad
576 993 743 1024 statuam
775 987 909 1024 nescio
938 986 1049 1024 cuius
1074 985 1202 1032 Clodi,
1227 999 1347 1036 quam
1377 993 1460 1023 turn
1487 983 1637 1023 restitui

306 1050 479 1089 iussisset
509 1053 690 1100 Anconej
711 1065 802 1090 cum
831 1053 927 1090 hero
954 1051 1147 1090 deiectam
1169 1065 1254 1090 esse
1283 1065 1330 1089 ex
1359 1057 1517 1089 senatus
1546 1062 1638 1087 con-

306 1118 418 1155 sulto.

363 1195 421 1219 21.
451 1182 555 1220 Non.
579 1188 622 1230 p.
657 1193 741 1230 322.
770 1194 816 1219 [2
846 1184 906 1220 Μ.
944 1183 1096 1220 Tullius
1129 1183 1184 1219 ad
1214 1183 1415 1221 Caesarem
1448 1181 1634 1219 iuniorem

307 1247 368 1283 lib.
389 1248 465 1284 II:
497 1246 681 1294 insolens,
704 1248 908 1297 adrogans,
932 1247 1090 1285 iactans.

363 1325 421 1349 22.
453 1313 556 1349 Non.
579 1319 623 1361 p.
647 1323 741 1363 344.
773 1324 823 1349 2]
855 1314 917 1350 M.
955 1314 1105 1350 Tullius
1130 1313 1187 1349 aa'
1219 1313 1420 1351 Caesarem
1448 1312 1636 1350 iuniorem

306 1378 366 1414 lz'l).
387 1378 464 1415 II:
496 1390 615 1428 quem
636 1377 782 1428 perisse
803 1377 855 1416 ita
875 1379 926 1416 de
946 1392 986 1416 re
1006 1377 1165 1428 publica
1191 1385 1408 1417 merentem
1432 1379 1636 1416 consulem

306 1442 434 1480 doleo.

364 1520 422 1556 23.
453 1508 558 1545 Non.
579 1515 622 1565 p.
645 1507 735 1559 389.
767 1520 821 1559 27
849 1510 909 1547 M.
954 1508 1105 1546 Tullius
1135 1509 1189 1545 ad
1219 1509 1420 1547 Caesarem
1450 1508 1636 1546 iuniorem
1658 1525 1672 1547 2

306 1571 367 1608 lib.
388 1572 463 1608 ll:
491 1571 679 1622 scriptum
701 1580 782 1611 erat
797 1580 977 1623 equestre
997 1572 1189 1623 proelium
1211 1574 1325 1611 valde
1346 1574 1576 1619 secundum,
1595 1572 1636 1610 in

306 1635 365 1674 his
385 1644 517 1675 autem
538 1636 668 1687 potius
689 1639 908 1676 adversum.

362 1714 421 1748 24.
453 1703 557 1738 Non.
583 1709 627 1752 p.
659 1702 753 1751 462.
786 1715 833 1741 10
868 1705 1120 1752 ‘Locchletz's’
1155 1717 1230 1740 non
1263 1716 1493 1752 magnarum
1524 1709 1635 1751 opum

306 1771 457 1803 tantum
496 1768 603 1803 modo
640 1768 706 1804 sed
740 1773 776 1805 et
818 1769 871 1804 aa’
909 1769 1116 1816 quamlibet
1156 1781 1235 1805 rem
1265 1768 1407 1817 firmos
1452 1773 1488 1804 et
1521 1772 1637 1804 certos

304 1832 364 1868 sps.
410 1832 560 1869 Tullius
597 1832 674 1869 dici
714 1834 837 1870 voluit
883 1834 938 1869 aa'
990 1834 1190 1871 Caesarem
1235 1834 1422 1871 ium'orem
1461 1834 1520 1870 lt'b.
1562 1833 1637 1870 II:

305 1895 401 1932 nihil
423 1895 588 1934 omnino
618 1897 711 1934 certi
742 1910 817 1935 nec
845 1898 1083 1947 locupletem
1104 1898 1156 1935 ad
1185 1898 1261 1935 hoc
1290 1904 1492 1935 auctorem
1519 1896 1636 1935 habe-

306 1961 453 1999 bamus.

360 2040 378 2063 2
386 2038 418 2075 5.
462 2026 564 2064 [Van.
589 2033 634 2076 p.
661 2039 745 2078 539.
772 2039 798 2079 3
833 2029 894 2065 Μ
933 2029 1084 2065 Tullius
1120 2029 1176 2065 ad
1214 2029 1415 2067 Caesarem
1448 2027 1634 2066 iuniorem

303 2092 362 2128 lib.
386 2092 461 2128 ll:
489 2091 687 2130 Antonius
709 2093 874 2130 demens
894 2100 986 2131 ante
1006 2094 1135 2130 lucem
1156 2094 1376 2142 paludatus.

345 2199 366 2228 9
389 2193 562 2220 constaret
587 2190 722 2220 Halm:
756 2188 889 2222 constet
917 2191 966 2221 vcl
987 2196 1116 2221 constat
1140 2190 1231 2221 codd.
1360 2201 1397 2220 12
1421 2191 1462 2221 ad
1488 2194 1633 2221 statuam

302 2231 432 2271 Butler:
458 2234 499 2263 ad
518 2237 568 2263 est
585 2235 664 2264 atba
680 2234 731 2264 vel
745 2235 830 2264 adba
843 2235 893 2264 vel
906 2234 991 2264 adab
1008 2235 1056 2264 vel
1069 2234 1152 2264 abba
1168 2233 1255 2265 codd.
1273 2245 1280 2264 :
1306 2234 1348 2265 de
1365 2238 1476 2264 statua
1492 2233 1631 2264 fflercer:

293 2275 373 2313 sort.
396 2275 441 2306 At
465 2281 517 2307 est
541 2281 651 2307 statua
741 2287 814 2307 cum
839 2278 885 2309 ed.
900 2278 1068 2317 princeps:
1103 2282 1138 2307 tu
1162 2277 1248 2308 codd.
1388 2288 1426 2316 13
1451 2288 1525 2308 curn
1549 2277 1633 2308 hero

302 2319 388 2349 codd.
406 2330 412 2348 t
438 2330 513 2349 curn
533 2320 636 2350 heroo
662 2320 801 2350 Gurlz'll:
828 2322 998 2360 comperio
1021 2320 1208 2359 Ht'rsclzfild
1221 2333 1227 2351 :
1241 2321 1321 2360 sort.
1341 2320 1531 2352 addendum
1548 2321 1632 2350 scito

297 2366 372 2401 post
388 2363 542 2393 consulto
632 2374 715 2393 21—2
741 2365 774 2394 in
788 2364 853 2400 his]
873 2364 996 2403 peditis
1013 2365 1061 2394 vel
1076 2364 1189 2394 militis
1201 2364 1341 2403 Madmssg
1428 2367 1469 2394 26
1492 2365 1533 2394 ad
1551 2363 1631 2402 hoc]

302 2405 410 2435 adhuc
430 2405 467 2437 L.
487 2406 610 2436 Miillcr
695 2418 737 2446 29
761 2407 817 2438 lib.
839 2408 869 2437 ΙΙ
888 2407 976 2438 codd.
993 2418 999 2437 :
1014 2408 1096 2446 sort.
1114 2408 1168 2438 lib.
1187 2408 1198 2437 I
1217 2408 1390 2447 cumsrag.
1414 2410 1452 2437 16
1468 2419 1506 2438 ex
1522 2407 1600 2437 libro
1613 2405 1638 2438 I

303 2447 336 2476 ιἰι
354 2448 529 2479 Februario
547 2460 605 2489 711
629 2452 698 2490 (43)
718 2452 872 2491 scriplum
889 2455 978 2490 esset,
994 2451 1151 2491 ltocsrag.
1171 2451 1202 2481 in
1219 2451 1397 2482 Novembri
1412 2462 1473 2490 710
1492 2451 1566 2492 (44)

1658 871 1696 894 10

1658 1193 1693 1227 Ῐ5
