1871 2782
250 158 279 195 Ι.
298 158 375 194 xvi
694 157 749 194 M.
781 157 949 194 TVLLI
980 157 1286 196 CICERONIS

322 267 510 306 Octavius
549 266 636 305 ullis
676 266 817 317 dignus
857 267 905 306 sit
947 268 1164 307 honoribus
1203 268 1296 319 quia
1340 282 1432 306 cum
1476 269 1654 308 Antonio

324 333 471 370 bellum
505 339 623 382 gerat,
656 331 702 370 iis
734 332 801 382 qui
835 332 932 372 illud
967 335 1115 372 malum
1153 333 1370 372 exciderint
1408 333 1519 372 cuius
1558 334 1655 373 istae

323 396 508 446 reliquiae
547 404 638 435 sunt
677 397 773 435 nihil
813 411 892 448 quo
937 398 1081 448 expleri
1120 397 1243 449 possit
1287 412 1425 436 eorum
1472 398 1655 437 meritum

323 461 559 499 tributurum
591 476 782 512 umquam
816 465 1007 514 populum
1040 465 1280 511 Romanum,
1312 462 1345 501 si
1376 462 1510 501 omnia
1539 463 1656 501 simul

281 527 303 563 8
323 526 572 576 congesserit.
632 529 692 566 Ac
722 527 812 566 vide
838 536 987 578 quanto
1016 528 1241 578 diligentius
1270 527 1453 566 homines
1478 535 1655 566 metuant
1676 543 1693 574 5

323 604 442 641 quam
470 592 731 641 meminerint,
756 593 848 643 quia
877 593 1075 631 Antonius
1104 593 1208 631 vivat
1236 600 1356 643 atque
1379 592 1420 631 in
1449 592 1565 631 armis
1593 592 1655 640 sit,

321 657 371 694 de
393 657 560 696 Caesare
590 671 680 696 vero
706 659 814 707 quod
840 657 921 695 fieri
948 658 1075 708 potuit
1095 671 1141 695 ac
1168 657 1307 696 debuit
1336 665 1576 695 transactum
1597 664 1656 695 est

322 735 450 771 neque
471 721 549 760 iam
569 722 742 761 revocari
764 723 804 760 in
825 723 1018 773 integrum
1040 731 1180 772 potest.
1241 723 1430 762 Octavius
1451 723 1483 760 is
1504 730 1562 761 est
1589 723 1656 773 qui

322 786 417 835 quid
445 788 495 825 de
522 786 637 825 nobis
663 786 905 825 iudicaturus
931 787 978 825 sit
1005 794 1204 837 exspectet
1231 789 1402 837 populus
1424 789 1656 835 Romanu53

322 864 393 889 nos
416 850 440 889 ii
461 865 596 889 sumus
617 853 668 890 de
689 865 858 901 quorum
884 854 1007 890 salute
1026 865 1129 890 unus
1150 853 1274 890 homo
1301 854 1499 902 rogandus
1527 851 1657 890 videa-
1679 868 1717 891 10

322 918 412 955 tur?
469 918 555 966 Ego
590 930 693 963 vero,
724 924 765 954 ut
798 916 896 955 istoc
928 924 1106 963 revertar,
1137 916 1168 955 is
1200 930 1289 955 sum
1320 916 1388 967 qui
1417 931 1500 955 non
1533 918 1655 955 modo

322 996 402 1020 non
441 981 662 1032 supplicem
701 983 771 1020 sed
816 981 934 1020 etiam
976 995 1181 1020 coerceam
1226 981 1461 1032 postulantis
1500 988 1543 1020 ut
1581 981 1655 1020 sibi

323 1047 572 1097 supplicetur.
633 1049 715 1085 Aut
735 1048 852 1097 longe
878 1061 902 1085 a
925 1047 1185 1086 servientibus
1214 1047 1335 1085 abero
1366 1046 1544 1097 mihique
1570 1060 1656 1085 esse

323 1112 507 1151 iudicabo
530 1114 702 1150 Romam
730 1112 972 1163 ubicumque
1000 1113 1168 1151 liberum
1194 1126 1280 1151 esse
1306 1112 1451 1159 licebit,
1473 1126 1519 1150 ac
1539 1111 1656 1150 vestri

324 1177 537 1216 miserebor
557 1177 701 1227 quibus
723 1191 796 1216 nec
815 1185 922 1216 aetas
943 1191 1074 1228 neque
1094 1178 1266 1216 honores
1287 1192 1361 1216 nec
1388 1177 1508 1216 virtus
1527 1177 1656 1216 aliena
1678 1193 1713 1225 15

276 1242 577 1286 9dulcedine1n
616 1242 773 1280 vivendi
812 1243 989 1281 minuere
1027 1243 1209 1293 potuerit.
1272 1241 1375 1280 Mihi
1406 1242 1569 1293 quidem
1603 1242 1656 1281 ita

325 1308 462 1345 beatus
483 1321 569 1346 esse
588 1308 762 1355 videbor,
785 1306 817 1345 si
845 1309 967 1346 modo
996 1315 1223 1346 constanter
1251 1321 1297 1346 ac
1318 1315 1509 1358 perpetuo
1530 1309 1657 1358 place-

324 1372 381 1411 bit
405 1374 481 1411 hoc
511 1372 720 1411 consilium
748 1379 791 1410 ut
817 1374 979 1411 relatam
1008 1380 1145 1423 putem
1173 1372 1337 1423 gratiam
1367 1372 1502 1422 pietati
1530 1386 1652 1411 meae.

326 1437 434 1486 Quid
465 1437 572 1476 enirn
603 1445 661 1476 est
700 1437 839 1476 melius
873 1451 992 1488 quam
1027 1437 1218 1476 memoria
1252 1445 1356 1475 recte
1390 1439 1583 1475 sactorum
1617 1445 1655 1475 et

323 1502 501 1542 libertate
539 1510 771 1542 contentum
805 1505 1009 1554 neglegere
1047 1504 1250 1541 humana?
1320 1503 1398 1541 Sed
1432 1510 1536 1540 certe
1573 1516 1655 1541 non
1676 1518 1716 1539 20

325 1568 582 1607 succumbam
603 1568 953 1607 succumbentibus
977 1582 1051 1607 nec
1071 1568 1204 1606 vincar
1232 1568 1282 1606 ab
1313 1567 1358 1606 iis
1388 1566 1455 1617 qui
1485 1581 1526 1606 se
1552 1567 1656 1606 vinci

325 1635 461 1672 volunt
499 1633 752 1684 experiarque
789 1640 828 1672 et
865 1633 1070 1684 temptabo
1117 1634 1251 1671 omnia
1301 1646 1431 1682 neque
1469 1632 1656 1671 desistam

324 1699 549 1737 abstrahere
576 1713 599 1737 a
632 1698 789 1737 servitio
821 1699 1020 1737 civitatem
1047 1706 1233 1737 nostram.
1304 1698 1344 1736 Si
1374 1706 1510 1736 secuta
1542 1698 1657 1736 fuerit

326 1778 426 1815 quae
464 1764 584 1803 debet
622 1765 789 1811 fortuna,
829 1764 1090 1814 gaudebimus
1130 1777 1293 1811 omnes3
1339 1763 1370 1800 si
1405 1764 1548 1810 minus,
1582 1777 1655 1813 ego

326 1838 458 1868 tamen
479 1830 672 1879 gaudebo.
733 1829 890 1878 Quibus
920 1828 1026 1867 enim
1056 1829 1187 1878 potius
1216 1829 1314 1866 haec
1341 1828 1419 1866 vita
1449 1828 1559 1866 factis
1587 1836 1655 1866 aut
1676 1842 1714 1874 ²5

327 1894 631 1945 cogitationibus
669 1895 895 1932 traducatur
933 1907 1052 1944 quarn
1092 1893 1137 1932 iis
1176 1907 1277 1944 quae
1311 1893 1568 1944 pertinuerint
1604 1894 1656 1933 ad

327 1960 552 1998 liberandos
573 1959 667 1998 civis
689 1961 828 1998 meos?

261 2035 308 2062 10
381 2027 451 2071 Te,
476 2024 627 2071 Cicero,
650 2038 745 2074 rogo
770 2033 890 2074 atque
913 2026 1048 2063 hortor
1074 2038 1124 2063 ne
1148 2024 1359 2074 defetigere
1385 2038 1463 2062 neu
1490 2023 1654 2071 diffidas,

327 2103 482 2139 semper
514 2088 555 2127 in
588 2089 860 2139 praesentibus
894 2089 1006 2128 malis
1040 2089 1297 2140 prohibendis
1335 2090 1464 2127 futura
1498 2102 1657 2139 quoque

328 2156 504 2204 explores
535 2168 586 2192 ne
615 2167 667 2201 se,
691 2153 765 2192 nisi
791 2162 883 2192 ante
907 2154 956 2192 sit
983 2168 1202 2201 occursum,
1226 2153 1436 2192 insinuent.
1497 2155 1655 2192 Fortem
1675 2168 1718 2200 30

374 2269 386 2288 1
415 2258 479 2289 illis
495 2257 673 2289 Lehmann
778 2259 843 2288 6-8
867 2259 1078 2289 meminerint
1093 2269 1100 2289 :
1125 2258 1202 2296 quia
1218 2256 1390 2287 Antonius
1406 2257 1486 2287 vivit
1507 2262 1606 2296 atque
1624 2257 1657 2286 in

327 2303 427 2333 armis
445 2307 495 2333 est
513 2327 519 2333 .
541 2326 549 2334 .
569 2327 576 2333 .
597 2307 718 2341 potest,
734 2302 898 2332 Octavius
916 2327 923 2334 .
941 2326 949 2333 .
969 2327 976 2334 .
996 2303 1158 2332 videatur.
1189 2301 1240 2331 Im
1258 2301 1458 2341 interpunxit
1471 2300 1660 2340 lVesenberg

329 2356 346 2383 7
370 2346 477 2386 quod]
494 2347 606 2384 quoad
623 2346 743 2376 Schelle
879 2357 913 2376 11
941 2346 1023 2376 istoc
1041 2345 1098 2375 M:
1124 2345 1208 2375 istuc
1226 2345 1312 2384 vulg.
1433 2354 1475 2382 30
1498 2344 1658 2383 explores

328 2400 371 2419 ne
388 2399 436 2427 se,
462 2389 524 2419 nisi
543 2413 550 2420 .
574 2414 580 2420 .
602 2413 609 2420 .
629 2400 805 2420 occursum
833 2389 904 2419 Van
928 2389 986 2419 der
1007 2388 1104 2418 Vliet:
1130 2389 1192 2418 nisi
1210 2412 1217 2419 .
1237 2412 1244 2419 .
1265 2412 1271 2419 .
1299 2398 1475 2418 occursum
1501 2387 1658 2426 explores

329 2443 371 2463 ne
389 2443 424 2462 se
442 2432 530 2463 codd.
548 2444 554 2464 t
647 2434 828 2464 insinuent.
867 2433 1001 2463 Fortem
1017 2431 1177 2472 Alsadwg:
1203 2432 1385 2470 insinuent,
1407 2431 1526 2461 sortem
1544 2430 1632 2470 vulg.
