1871 2782
154 557 170 587 5

132 883 171 906 10

132 1205 168 1237 15

128 1532 169 1554 20

400 175 955 215 COMMENTARIOLVM
987 174 1311 214 PETITIONIS
1471 184 1498 222 9
1521 188 1560 221 35

194 299 310 336 saepe
337 285 429 336 ipsis
457 285 588 325 dicito.
648 285 711 324 Sic
738 285 918 324 homines
946 299 1073 335 saepe,
1105 298 1195 324 curn
1226 286 1375 324 obeunt
1400 284 1519 336 pluris

194 351 471 400 competitores
498 358 536 389 et
563 350 697 388 vident
723 363 845 387 unum
874 362 958 388 esse
985 349 1155 399 aliquem
1178 350 1244 399 qui
1271 351 1368 389 haec
1392 349 1520 388 officia

194 415 362 454 maxime
385 415 679 462 animadvertat,
703 414 738 453 ei
759 428 800 453 se
820 415 983 461 dedunt,
1007 415 1191 452 deserunt
1211 422 1372 462 ceteros,
1396 414 1520 452 minu-

192 480 303 518 tatim
324 494 371 518 ex
394 479 672 518 communibus
699 478 854 529 proprii,
878 492 925 517 ex
950 478 1095 517 fucosis
1122 479 1222 517 firmi
1248 480 1519 529 suffragatores

192 547 374 584 evadunt.
440 547 524 583 Iam
552 545 649 583 illud
675 552 808 583 teneto
832 543 1047 594 diligenter,
1075 543 1106 582 si
1135 557 1225 582 eum
1246 544 1313 594 qui
1341 545 1410 582 tibi
1435 558 1520 595 pro-

192 611 338 649 miserit
361 611 530 650 audieris
559 612 704 657 fucum,
736 618 779 649 ut
805 610 956 658 dicitur,
985 611 1112 649 facere
1141 618 1207 649 aut
1233 609 1309 663 [ut]
1338 611 1515 657 senseris,

191 683 232 713 ut
254 683 291 714 te
320 675 361 714 id
387 676 543 714 audisse
567 683 634 714 aut
657 675 754 714 scire
781 675 1014 722 dissimules,
1044 675 1074 713 si
1096 675 1163 725 qui
1187 675 1257 713 tibi
1285 688 1326 714 se
1355 689 1518 725 purgare

190 741 294 778 volet
315 742 423 790 quod
443 748 669 791 suspectum
691 754 775 778 esse
794 754 831 778 se
849 740 1064 787 arbitretur,
1083 741 1265 779 adfirmes
1287 748 1324 779 te
1344 741 1394 778 de
1415 739 1516 778 illius

189 806 390 843 voluntate
430 818 646 856 numquam
685 805 886 843 dubitasse
925 819 999 844 nec
1037 805 1182 844 debere
1221 804 1410 844 dubitare.
1476 806 1515 843 Is

190 869 295 907 enim
335 869 401 919 qui
440 884 481 908 se
519 884 600 908 non
638 878 749 920 putat
787 870 878 908 satis
926 871 1053 908 facere
1095 870 1244 908 amicus
1283 883 1368 908 esse
1406 871 1515 908 nullo

189 935 311 972 modo
332 942 471 984 potest.
531 935 636 973 Scire
666 943 797 973 autern
822 942 976 985 oportet
996 948 1076 985 quo
1097 935 1264 985 quisque
1290 934 1423 973 animo
1452 934 1511 981 sit,

189 1005 231 1036 ut
278 1007 471 1048 quantum
519 999 661 1049 cuique
713 1001 889 1038 confidas
937 1000 1174 1038 constituere
1221 1000 1358 1049 possis.
1427 1002 1513 1038 Iam
1534 999 1576 1042 36

188 1064 450 1102 deductorum
477 1064 648 1102 officium
677 1078 756 1114 quo
776 1064 901 1102 maius
925 1073 983 1103 est
1010 1077 1127 1114 quam
1149 1066 1415 1112 salutatorum,
1438 1066 1514 1103 hoc

188 1128 332 1178 gratius
363 1129 434 1168 tibi
466 1143 550 1168 esse
582 1129 800 1179 significato
833 1138 952 1179 atque
985 1130 1184 1168 ostendito
1216 1138 1264 1177 et,
1294 1131 1403 1180 quod
1432 1130 1515 1168 eius

190 1192 272 1231 fieri
296 1193 449 1242 poterit,
475 1193 588 1232 certis
614 1194 856 1243 temporibus
878 1193 1120 1232 deseendito.
1182 1195 1369 1243 Magnam
1390 1195 1516 1232 adfert

189 1258 428 1307 opinionem,
470 1271 651 1308 magnam
693 1258 923 1309 dignitatern
963 1259 1161 1297 cotidiana
1199 1258 1239 1296 in
1278 1260 1515 1298 deducendo

187 1323 414 1372 frequentia.
474 1323 606 1361 Tertia
633 1331 691 1361 est
711 1337 757 1361 ex
777 1324 854 1361 hoe
874 1336 1015 1373 genere
1035 1323 1201 1362 adsidua
1224 1324 1515 1362 adsectatorum
1537 1333 1577 1366 37

187 1387 310 1437 copia.
372 1389 419 1425 In
454 1401 499 1426 ea
531 1401 629 1438 quos
657 1388 896 1426 voluntarios
926 1388 1102 1435 habebis,
1134 1396 1268 1426 curato
1298 1396 1340 1427 ut
1369 1388 1517 1428 intelle-

186 1460 279 1502 gant
308 1460 346 1491 te
376 1453 449 1491 sibi
478 1453 518 1490 in
548 1461 780 1503 perpetuum
815 1467 970 1492 summo
1005 1453 1200 1492 beneficio
1229 1453 1415 1504 obligari,
1449 1454 1515 1504 qui

187 1525 319 1556 autem
346 1517 417 1556 tibi
441 1518 598 1565 debent,
621 1519 671 1556 ab
698 1518 743 1556 iis
770 1519 886 1568 plane
913 1519 989 1556 hoc
1017 1532 1159 1556 munus
1184 1518 1336 1569 exigito,
1360 1519 1427 1569 qui
1448 1533 1517 1570 per

185 1590 355 1620 aetatem
384 1596 430 1621 ac
459 1582 661 1633 negotium
691 1590 885 1632 poterunt,
909 1582 981 1633 ipsi
1009 1590 1140 1621 tecum
1170 1591 1212 1621 ut
1240 1583 1396 1622 adsidui
1425 1583 1513 1630 sint,

185 1647 252 1697 qui
273 1647 345 1697 ipsi
365 1648 502 1686 sectari
523 1661 603 1686 non
619 1655 814 1698 poterunt,
830 1661 921 1686 suos
942 1647 1180 1687 necessarios
1201 1647 1240 1686 in
1257 1648 1333 1687 hoc
1354 1662 1515 1688 munere

184 1709 434 1748 constituant.
494 1712 621 1749 Valde
642 1724 714 1761 ego
735 1719 773 1749 te
793 1712 884 1749 volo
904 1718 942 1749 et
962 1712 1013 1749 ad
1034 1725 1114 1749 rem
1135 1711 1327 1761 pertinere
1351 1712 1515 1750 arbitror

184 1787 338 1825 semper
362 1789 451 1813 eum
482 1775 733 1814 multitudine
758 1790 852 1815 esse.
921 1778 1125 1814 Praeterea
1159 1789 1340 1826 magnam
1364 1777 1513 1814 adferet
1534 1783 1573 1822 38

184 1840 342 1878 laudem
373 1848 410 1878 et
434 1853 630 1878 summam
660 1840 900 1891 dignitatem,
928 1840 960 1878 si
988 1840 1014 1878 ii
1041 1848 1171 1878 tecum
1200 1847 1311 1878 erunt
1338 1839 1404 1890 qui
1428 1854 1451 1878 a
1475 1848 1513 1879 te

184 1904 336 1942 defensi
357 1912 395 1943 et
415 1904 482 1954 qui
502 1918 571 1954 per
591 1912 628 1943 te
656 1905 794 1943 servati
814 1918 860 1943 ac
880 1904 1034 1943 iudiciis
1059 1904 1210 1942 liberati
1237 1912 1337 1942 sunt.
1399 1906 1513 1943 Haec

184 1976 224 2006 tu
259 1970 374 2018 plane
403 1970 454 2007 ab
488 1969 547 2007 his
579 1971 777 2019 postulato
808 1977 851 2007 ut
882 1968 1070 2019 quoniam
1099 1970 1207 2006 nulla
1235 1968 1414 2019 impensa
1444 1983 1513 2019 per

183 2040 220 2071 te
253 2033 317 2070 alii
352 2047 444 2081 rem,
476 2034 540 2072 alii
570 2035 772 2081 honorem,
804 2033 868 2071 alii
899 2035 1063 2072 salutem
1097 2047 1143 2072 ac
1177 2035 1351 2072 fortunas
1383 2035 1511 2074 omnis

224 2139 246 2168 6
269 2138 415 2168 audieris
432 2140 654 2177 transponunt
668 2141 742 2167 ante
756 2142 813 2168 aut
830 2137 978 2167 senseris
995 2137 1062 2167 duo
1077 2135 1166 2169 codd.
1184 2137 1256 2169 dett.
1399 2138 1510 2169 facere

182 2182 268 2212 velle
285 2182 356 2212 dett.
513 2187 549 2211 ut
566 2192 629 2212 om.
649 2181 720 2211 dett.
879 2191 895 2218 7
923 2181 954 2210 id
971 2180 1042 2211 dett.
1061 2193 1068 2211 z
1091 2181 1145 2211 vel
1164 2180 1250 2211 FH:
1273 2192 1338 2212 om.
1358 2181 1514 2212 Bucheler

181 2226 200 2255 8
226 2235 300 2256 esse
317 2235 353 2255 56
367 2224 465 2254 Klotz
481 2236 487 2254 :
518 2235 581 2255 om.
601 2235 638 2255 se
655 2222 723 2254 FH
818 2234 857 2254 10
880 2224 1005 2254 amicus
1021 2235 1098 2255 esse
1116 2225 1207 2254 nullo
1226 2226 1324 2255 modo
1341 2230 1452 2264 potest
1475 2225 1516 2256 H

181 2268 250 2298 dell.
269 2280 275 2299 :
307 2279 334 2299 a.
356 2278 385 2299 n.
407 2279 447 2299 m.
468 2279 497 2307 p.
518 2279 536 2298 e
554 2268 586 2297 F
716 2278 753 2297 12
778 2274 810 2298 et
827 2273 986 2306 quantum
1011 2268 1058 2306 H,
1080 2268 1165 2297 unde
1187 2268 1267 2306 quid
1292 2273 1325 2299 et
1348 2274 1510 2307 quantum

180 2312 331 2341 Bdltrens
488 2322 524 2350 14
549 2312 657 2350 quoad
676 2311 746 2342 dell.
907 2321 948 2341 20
972 2311 1100 2349 exigito
1119 2312 1234 2341 Orelli:
1260 2312 1407 2350 exigitur
1423 2312 1511 2342 FH:

181 2356 277 2390 exige
294 2355 365 2385 dett.
484 2366 523 2393 24
550 2356 669 2385 afferet
692 2355 898 2395 chsenberg:
922 2354 1018 2384 affert
1036 2353 1104 2383 FH
1215 2356 1256 2385 28
1280 2355 1443 2386 honorem
1460 2355 1511 2386 F:

180 2399 391 2429 honestatem
409 2397 449 2427 H
461 2398 535 2429 dett.
