1871 2782
196 149 274 187 ΙΙΙ.
293 147 370 185 viii
682 143 738 180 M.
771 142 941 180 TVLLI
973 140 1281 180 CICERONIS

317 253 439 302 Quod
469 266 532 290 me
562 250 782 289 institutum
817 251 867 288 ad
899 249 1009 288 illum
1042 263 1185 299 poema
1212 248 1324 287 iubes
1354 249 1549 299 perficere,
1579 248 1651 288 etsi

315 318 508 357 distentus
539 330 630 354 cum
660 329 778 366 opera
808 322 891 353 turn
921 314 1056 352 animo
1086 327 1172 352 sum
1200 315 1325 352 multo
1354 313 1488 364 magis,
1518 321 1651 352 tamen

315 383 504 434 quoniam
532 396 578 420 ex
605 381 771 431 epistula
798 394 916 430 quarn
941 381 991 418 ad
1022 387 1059 418 te
1087 379 1267 418 miseram
1295 379 1478 429 cognovit
1509 380 1653 418 Caesar

315 463 378 488 me
405 447 554 498 aliquid
581 460 666 485 esse
693 459 885 494 exorsum,
909 453 1076 484 revertar
1102 446 1153 483 ad
1180 444 1401 483 ,nstitutum
1426 444 1547 494 idque
1572 457 1654 494 per-

315 513 445 552 ficiam
469 512 529 550 his
557 511 890 562 supplicationum
916 510 1051 549 otiosis
1081 509 1233 557 diebus,
1266 509 1410 560 quibus
1439 510 1652 547 Messalam
1673 526 1689 558 5

314 579 392 617 iam
443 586 622 616 nostrum
673 577 924 626 reliquosque
976 575 1157 614 molestia
1203 576 1351 613 levatos
1399 575 1653 613 vehementer

314 645 479 694 gaudeo,
497 657 668 693 eumque
684 644 793 693 quod
815 650 964 680 certum
986 642 1191 680 consulem
1213 654 1303 679 cum
1319 639 1498 679 Domitio
1517 654 1652 679 nume-

314 709 404 747 ratis
437 709 533 747 nihil
568 722 591 746 a
628 716 760 746 nostra
800 706 987 757 opinione
1026 705 1251 745 dissentitis.
1312 707 1397 755 Ego
1438 707 1651 746 Messalam

315 774 473 813 Caesari
512 773 729 824 praestabo.
800 773 878 810 Sed
919 771 1134 809 Memmius
1176 770 1217 809 in
1257 770 1430 809 adventu
1474 771 1651 811 Caesaris

314 839 434 877 habet
455 852 589 888 spem3
619 838 659 875 in
680 851 760 887 quo
780 837 890 875 illum
911 844 1008 886 puto
1033 849 1167 874 errare.
1229 835 1310 874 Hic
1331 835 1492 886 quidem
1517 837 1651 888 friget3
1674 852 1712 875 10

267 912 294 949 4
315 905 503 942 Scaurum
534 909 666 940 autem
700 902 778 940 iarn
812 901 965 951 pridem
998 900 1210 950 Pompeius
1243 900 1396 939 abiecit.
1457 903 1538 940 Res
1567 915 1652 952 pro-

314 970 414 1007 latae
429 983 439 1016 3
469 969 520 1006 ad
547 967 812 1017 interregnum
842 965 1001 1004 comitia
1030 966 1212 1004 adducta.
1273 966 1427 1004 Rumor
1450 966 1651 1007 dictatoris

314 1032 552 1072 iniucundus
583 1031 709 1079 bonis,
737 1031 832 1069 mihi
863 1031 981 1070 etiarn
1011 1030 1133 1081 magis
1161 1044 1262 1080 quae
1288 1031 1512 1081 loquuntur.
1572 1034 1651 1073 Sed

314 1105 397 1136 tota
419 1112 479 1136 res
507 1104 544 1136 et
566 1096 723 1135 timetur
747 1104 785 1135 et
805 1095 1026 1146 refrigescit.
1088 1094 1300 1145 Pompeius
1324 1097 1440 1145 plane
1468 1110 1508 1135 se
1534 1105 1650 1147 negat

314 1164 437 1211 velle3
475 1170 590 1200 antea
624 1161 720 1199 mihi
754 1161 837 1211 ipse
871 1175 952 1199 non
986 1160 1164 1210 negabat.
1226 1159 1366 1199 Hirrus
1399 1169 1535 1200 auctor
1568 1164 1650 1202 fore
1673 1177 1710 1210 15

313 1227 478 1274 videtur,
502 1240 525 1265 o
546 1227 596 1274 di,
621 1240 740 1276 quam
760 1225 927 1275 ineptus,
952 1239 1070 1275 quam
1092 1238 1133 1264 se
1153 1224 1237 1275 ipse
1256 1238 1393 1263 amans
1413 1226 1497 1265 sine
1518 1226 1624 1266 rivali
1642 1231 1648 1266 ἶ

315 1293 501 1331 Crassum
530 1291 753 1338 Iunianum,
778 1290 981 1329 hominem
1012 1289 1107 1327 mihi
1132 1289 1322 1337 deditum,
1347 1304 1414 1340 per
1441 1305 1504 1330 me
1528 1293 1650 1331 deter-

314 1357 400 1394 ruit.
460 1356 564 1394 Velit
599 1356 696 1395 nolit
736 1355 833 1394 scire
867 1354 1024 1394 difficile
1059 1362 1141 1402 est3
1191 1354 1310 1392 Hirro
1345 1362 1477 1394 tamen
1509 1364 1649 1406 agente

315 1423 421 1460 nolle
451 1435 491 1459 se
523 1435 604 1460 non
633 1420 826 1471 probabit.
886 1420 1007 1458 Aliud
1037 1421 1113 1458 hoc
1143 1426 1320 1469 ternpore
1348 1420 1397 1457 de
1426 1434 1466 1458 re
1492 1420 1650 1471 publica

273 1486 412 1534 5nihil
444 1486 731 1536 loquebantur3
770 1485 958 1536 agebatur
992 1484 1153 1535 quidem
1188 1492 1292 1523 certe
1330 1484 1436 1522 nihil.
1497 1485 1649 1524 Serrani
1672 1502 1709 1524 20

318 1552 537 1590 Domestici
559 1552 612 1589 fili
633 1553 749 1589 funus
770 1553 1064 1601 perluctuosum
1086 1550 1157 1588 fuit
1173 1564 1205 1588 a.
1222 1551 1257 1589 d.
1275 1562 1348 1588 v111
1369 1552 1418 1588 K.
1437 1552 1645 1591 Decembr.

317 1617 509 1656 Laudavit
530 1625 639 1667 pater
660 1616 803 1666 scripto
825 1630 924 1654 meo.

267 1682 294 1719 6
371 1684 489 1721 Nunc
521 1684 571 1720 de
605 1682 766 1720 Milone.
832 1680 1045 1731 Pompeius
1080 1680 1115 1719 ei
1147 1680 1244 1719 nihil
1278 1680 1411 1719 tribuit
1446 1688 1483 1719 et
1515 1681 1648 1720 onmia

316 1748 458 1786 Cottae
478 1747 652 1797 dicitque
673 1761 714 1785 56
730 1748 991 1797 perfecturum
1014 1754 1055 1784 ut
1076 1746 1116 1784 in
1136 1746 1245 1784 illum
1268 1747 1412 1785 Caesar
1432 1745 1644 1784 incumbat.

316 1814 410 1851 Hoc
439 1814 569 1851 horret
601 1812 701 1851 Milo
732 1826 805 1851 nec
835 1812 974 1851 iniuria
1004 1819 1052 1859 et,
1083 1812 1114 1850 si
1143 1811 1207 1850 ille
1236 1811 1403 1850 dictator
1432 1813 1556 1850 factus
1586 1811 1645 1859 sit,
1670 1829 1706 1862 25

314 1891 440 1928 paene
461 1878 611 1916 diffidit.
674 1879 980 1916 Intercessorem
1007 1877 1223 1916 dictaturae
1251 1877 1281 1915 si
1308 1876 1445 1915 iuverit
1467 1891 1585 1915 manu
1610 1885 1648 1916 et

315 1942 510 1992 praesidio
537 1956 620 1990 suo,
644 1943 878 1993 Pompeium
907 1942 1046 1981 metuit
1070 1942 1298 1991 inimicum;
1332 1942 1363 1980 si
1390 1956 1471 1981 non
1497 1942 1645 1990 iuverit,

315 2008 425 2046 timet
446 2022 495 2046 ne
522 2022 590 2058 per
616 2008 694 2045 vim
716 2009 937 2058 perferatur.
999 2008 1134 2045 Ludos
1160 2008 1322 2057 adparat
1350 2007 1648 2057 magnificentis-

314 2073 444 2121 simos,
468 2073 533 2120 sic,
557 2073 730 2123 inquam,
748 2081 790 2111 ut
811 2086 930 2112 nemo
951 2072 1269 2123 sumptuosiores,
1294 2073 1410 2110 stulte
1432 2072 1489 2110 bis
1510 2080 1645 2122 terque

312 2151 392 2176 non
414 2140 631 2188 postulatos
652 2140 712 2177 vel
737 2138 828 2188 quia
853 2152 995 2176 munus
1016 2137 1269 2188 magnificum
1290 2138 1452 2175 dederat
1472 2138 1532 2175 vel
1552 2136 1644 2186 quia
1664 2150 1706 2182 30

361 2252 398 2280 13
424 2242 502 2272 mihi
521 2246 589 2273 vell.
609 2254 615 2273 :
640 2252 693 2272 me
713 2242 877 2281 (snprrscr.
899 2242 960 2273 ‘aL
979 2240 1101 2272 metu'N
1123 2241 1164 2270 M
1273 2251 1309 2278 17
1328 2240 1481 2270 Coelium
1499 2240 1644 2270 Vinicia-

315 2296 392 2315 num
413 2286 504 2316 Μαιι.
524 2287 588 2316 coll.
611 2286 705 2316 Fam.
726 2287 790 2316 viii.
811 2297 839 2324 4.
860 2296 880 2324 3
984 2295 1026 2324 23
1051 2290 1083 2315 et
1101 2285 1157 2315 dcl.
1184 2283 1370 2324 lVesenbmg
1458 2294 1499 2322 24
1525 2284 1644 2314 Cottae

314 2329 417 2368 Ihffz
434 2341 440 2359 ε
476 2335 576 2367 gntae
594 2329 645 2358 Μι
664 2341 670 2360 :
707 2330 831 2360 Guttae
850 2329 901 2358 M-·
920 2329 1006 2369 vulg.
1026 2341 1032 2359 ε
1073 2328 1238 2367 Hypsaeo
1260 2328 1346 2357 Boot
1490 2328 1524 2358 in
1553 2327 1644 2358 illum

316 2373 433 2404 [amb.
453 2384 459 2402 t
484 2373 517 2403 in
536 2373 591 2403 illo
609 2373 668 2403 M:
693 2373 747 2403 illo
764 2373 897 2404 Ernesti
1023 2383 1066 2412 30
1089 2372 1275 2412 postulatos
1295 2371 1341 2402 C:
1365 2375 1432 2402 -tus
1450 2370 1491 2401 M
