1871 2782
248 107 316 145 1.i
634 105 689 142 M.
722 105 890 142 TVLLI
919 105 1225 144 CICERONIS

271 230 294 256 a
324 217 430 255 Sulla
460 214 628 254 Rhodiis
657 215 866 254 attributae
896 217 1155 266 confugerunt
1183 216 1234 254 ad
1265 221 1455 263 senatum,
1482 214 1596 254 nobis

271 289 312 319 ut
333 281 464 331 potius
485 280 648 330 vectigal
665 294 783 330 quam
806 280 975 319 Rhodiis
996 282 1223 331 penderent.
1284 281 1374 328 Qua
1390 294 1430 318 re
1450 293 1597 318 nomen

270 345 469 396 publicani
508 359 637 395 neque
676 345 701 383 ii
735 346 882 384 debent
916 347 1071 384 horrere
1100 345 1167 395 qui
1207 358 1360 395 semper
1391 344 1597 395 vectigales

270 411 435 458 suerunt,
458 423 587 459 neque
612 409 637 447 ii
662 409 858 459 aspernari
883 409 949 459 qui
974 423 1042 459 per
1068 423 1109 447 se
1133 410 1306 459 pendere
1326 409 1490 459 vectigal
1517 423 1598 447 non

208 486 248 518 34
269 482 491 524 potuerunt,
523 487 653 524 neque
682 474 708 512 ii
737 488 914 512 recusare
945 474 1012 524 qui
1042 474 1346 524 postulaverunt.
1407 473 1531 512 Simul
1560 481 1598 512 et
1618 487 1635 519 5

269 540 366 578 illud
413 539 508 578 Asia
555 539 709 589 cogitet,
759 541 907 577 nullam
953 540 1005 579 ab
1053 553 1094 578 se
1142 553 1271 589 neque
1319 538 1410 577 belli
1451 538 1599 576 externi

269 618 399 654 neque
437 603 742 643 domesticarum
782 603 1067 642 discordiarum
1107 603 1370 641 calamitatem
1404 603 1599 641 afuturam

270 668 399 716 fuisse,
426 668 456 706 si
486 670 562 707 hoc
592 667 755 718 imperio
785 682 866 706 non
896 675 1101 706 teneretur.
1162 669 1210 706 Id
1234 675 1366 706 autem
1391 666 1598 717 imperium

270 746 360 771 cum
394 732 549 771 retineri
589 733 672 771 sine
703 732 957 783 vectigalibus
997 734 1106 770 nullo
1145 733 1267 770 modo
1300 731 1433 781 possit,
1470 745 1598 781 aequo

269 796 402 835 animo
440 804 548 847 parte
586 798 717 847 aliqua
754 811 914 838 suorum
946 799 1143 835 fructuum
1178 810 1316 846 pacem
1355 796 1429 835 sibi
1460 796 1599 847 sempi-
1620 811 1659 834 10

271 870 420 900 ternam
459 862 625 900 redimat
654 869 772 911 atque
807 861 942 900 otium.
1014 862 1135 910 Quod
1174 861 1205 899 si
1238 875 1361 911 genus
1392 861 1522 911 ipsum
1560 868 1599 900 et

269 939 415 964 nomen
437 925 636 976 publicani
657 940 737 964 non
758 925 894 975 iniquo
914 926 1048 964 animo
1069 925 1330 973 sustinebunt,
1349 933 1533 975 poterunt
1553 925 1598 964 iis

268 990 434 1029 consilio
455 998 492 1029 et
512 990 720 1040 prudentia
744 998 810 1028 tua
836 990 985 1040 reliqua
1010 989 1133 1029 videri
1154 989 1308 1028 mitiora
1325 1004 1334 1038 3
1374 997 1539 1040 possunt
1558 989 1599 1027 in

269 1055 518 1106 pactionibus
556 1055 744 1093 faciendis
784 1068 864 1093 non
903 1057 1029 1105 legem
1069 1062 1245 1105 spectare
1280 1053 1497 1093 censoriam
1529 1055 1599 1093 sed

269 1119 399 1170 potius
438 1119 762 1158 commoditatem
802 1119 1040 1158 conficiendi
1079 1119 1211 1169 negoti
1250 1126 1288 1157 et
1326 1118 1598 1157 liberationem
1622 1133 1658 1165 15

269 1184 472 1224 molestiae
487 1199 497 1233 3
530 1192 642 1235 potes
669 1184 787 1223 etiarn
815 1191 856 1223 tu
880 1185 920 1223 id
945 1187 1082 1233 facere,
1105 1185 1214 1234 quod
1241 1192 1279 1223 et
1299 1183 1424 1223 fecisti
1449 1183 1599 1234 egregie

269 1258 307 1289 et
334 1250 439 1299 facis,
469 1257 511 1288 ut
540 1263 827 1289 commemores
852 1258 999 1300 quanta
1025 1250 1074 1288 sit
1103 1250 1143 1288 in
1170 1249 1390 1300 publicanis
1417 1249 1596 1300 dignitaS,

269 1324 461 1366 quantum
482 1329 554 1354 nos
581 1315 635 1353 illi
659 1315 787 1354 ordini
811 1315 1038 1363 debeamus,
1062 1323 1104 1354 ut
1130 1324 1282 1354 remoto
1312 1315 1477 1365 imperio
1496 1328 1542 1353 ac
1562 1314 1599 1353 vi

269 1380 472 1432 potestatis
502 1388 540 1419 et
569 1380 733 1419 fascium
762 1380 995 1431 publicanos
1025 1394 1116 1418 cum
1147 1379 1306 1418 Graecis
1335 1379 1456 1429 gratia
1479 1386 1598 1429 atque

269 1445 500 1485 auctoritate
530 1445 744 1496 coniungas
777 1444 883 1498 [sed]
914 1452 952 1484 et
980 1446 1031 1484 ab
1059 1445 1104 1483 iis
1134 1446 1183 1483 de
1214 1445 1358 1495 quibus
1388 1444 1536 1494 optime
1557 1452 1598 1482 tu
1620 1459 1659 1481 20

270 1511 431 1551 meritus
458 1525 499 1550 es
525 1518 563 1550 et
590 1510 657 1561 qui
684 1510 755 1549 tibi
775 1510 909 1550 omnia
932 1512 1080 1550 debent
1101 1512 1177 1549 hoc
1203 1518 1324 1561 petas,
1347 1518 1390 1549 ut
1416 1510 1599 1549 facilitate

271 1591 341 1616 sua
360 1590 432 1616 nos
459 1590 544 1615 eam
573 1576 905 1615 necessitudinem
932 1590 1033 1626 quae
1053 1583 1112 1615 est
1131 1575 1246 1615 nobis
1263 1589 1353 1614 cum
1380 1575 1600 1626 publicanis

270 1642 448 1681 obtinere
468 1649 506 1680 et
527 1655 756 1680 conservare
776 1641 982 1692 patiantur.

207 1708 249 1750 36
324 1709 403 1746 Sed
424 1706 519 1757 quid
548 1720 622 1757 ego
651 1714 688 1745 te
718 1708 815 1745 haec
845 1708 979 1746 hortor
1008 1721 1110 1757 quae
1140 1715 1181 1746 tu
1211 1722 1292 1746 non
1322 1709 1444 1747 modo
1474 1709 1600 1746 facere

268 1780 382 1823 potes
424 1780 490 1811 tua
528 1779 668 1822 sponte
711 1772 795 1811 sine
837 1772 1069 1823 cuiusquam
1113 1773 1330 1824 praeceptis
1369 1774 1439 1812 sed
1481 1773 1599 1811 etiam
1621 1785 1658 1817 25

269 1851 411 1888 magna
430 1837 507 1876 iam
534 1852 581 1876 ex
604 1845 713 1888 parte
740 1837 967 1888 perfecisti?
1016 1840 1109 1877 Non
1136 1838 1241 1877 enirn
1270 1838 1465 1877 desistunt
1484 1839 1599 1877 nobis

267 1917 380 1953 agere
407 1902 552 1941 cotidie
580 1902 721 1952 gratias
750 1903 1050 1942 honestissimae
1080 1911 1119 1942 et
1148 1903 1340 1942 maximae
1371 1903 1575 1942 societates
1591 1917 1600 1949 3

269 1970 379 2018 quod
399 1968 560 2018 quidem
582 1967 678 2006 mihi
705 1968 852 2008 idcirco
876 1968 1087 2008 iucundius
1111 1976 1170 2007 est
1190 1970 1299 2018 quod
1326 1968 1432 2007 idem
1453 1967 1600 2006 faciunt

271 2032 438 2081 Graeci,
478 2033 635 2071 difficile
664 2042 722 2072 est
748 2042 881 2073 autem
905 2049 952 2073 ea
978 2048 1079 2084 quae
1104 2034 1337 2081 commodis,
1367 2033 1532 2071 utilitate
1562 2039 1600 2070 et

270 2111 393 2148 prope
424 2105 562 2137 natura
592 2098 746 2137 diversa
781 2107 884 2147 sunt,
921 2101 1123 2138 voluntate
1155 2100 1403 2149 coniungere.
1463 2100 1516 2136 At
1554 2110 1600 2135 ea
1620 2110 1660 2140 30

271 2163 432 2213 quidem
471 2177 572 2213 quae
612 2177 728 2214 supra
765 2164 908 2214 scripta
945 2172 1036 2203 sunt
1075 2178 1155 2203 non
1199 2171 1242 2202 ut
1282 2171 1319 2202 te
1357 2162 1599 2201 instituerem

272 2228 407 2278 scripsi
441 2228 588 2279 (neque
627 2228 732 2267 enim
771 2229 981 2279 prudentia
1017 2236 1085 2267 tua
1121 2228 1353 2278 cuiusquam
1392 2234 1600 2277 praecepta

208 840 250 868 12

315 2339 335 2369 5
359 2331 409 2368 et]
427 2331 526 2361 etiarn
545 2330 660 2361 Baiter
784 2343 827 2362 20
850 2333 910 2362 sed
929 2332 994 2363 scil.
1013 2330 1084 2362 cdd.
1106 2341 1175 2362 rece.
1304 2331 1346 2360 26
1370 2334 1464 2368 parte
1482 2329 1570 2370 vulg.
1591 2341 1599 2360 :

275 2379 368 2414 perte
386 2373 443 2404 M:
468 2380 564 2413 parte
581 2385 642 2414 per
659 2380 692 2406 te
710 2376 788 2406 com'.
813 2376 934 2416 Tyrrell
1060 2384 1103 2413 3ο
1124 2373 1188 2414 At]
1206 2373 1319 2412 Atque
1333 2373 1459 2413 Siesbye
