1871 2782
693 162 1046 202 FRAGMENTA

318 285 374 309 12.
411 272 544 321 Quint.
571 273 640 310 IX
650 284 687 324 3.
704 272 761 324 58
791 274 901 322 Quae
919 280 996 323 per
1021 275 1285 314 detractionem
1302 276 1415 326 fiunt
1429 278 1584 327 figurae

259 337 454 374 brevitatis
493 338 744 386 novitatisque
787 339 953 375 maxime
991 341 1165 388 gratiam
1204 347 1372 390 petunt,·
1418 356 1582 392 quarum

259 413 338 437 una
367 406 482 448 est—‚
505 415 587 439 cum
617 403 850 440 subtractum
884 404 1039 441 verbum
1071 405 1230 454 aliquod
1256 407 1350 444 satis
1382 420 1429 444 ex
1457 410 1583 446 ceteris

258 466 498 515 intellegitur,
535 466 764 504 itt—Cicero
796 468 852 504 ad
877 469 1077 506 Brutum:
1106 470 1242 508 Sermo
1273 472 1402 509 nullus
1435 471 1582 511 scilicet

222 543 238 574 5
258 529 331 567 nisi
353 531 402 568 de
424 539 486 578 ω,-
515 531 610 580 quid
632 531 735 569 enim
761 531 921 581 potius?
977 534 1082 570 Tum
1104 534 1258 572 Flavius
1276 551 1282 574 :
1314 536 1419 582 Cras,
1443 536 1577 586 inquit,

258 595 457 641 tabellarii,
480 601 517 633 et
534 609 606 646 ego
627 595 774 634 ibidem
796 598 865 634 has
886 596 986 635 inter
1005 610 1144 636 cenam
1166 599 1326 637 exaravi.

316 672 371 708 13.
409 660 543 708 Quint.
572 661 641 698 IX
656 672 692 709 4.
713 672 764 709 41
802 662 1011 699 Videndum
1042 675 1086 699 ne
1115 664 1280 712 syllabae
1309 665 1416 702 verbi
1432 667 1579 714 prioris

256 724 413 760 ultimae
432 730 468 761 et
474 726 630 773 primae
644 725 830 773 sequentis
844 726 926 763 sint
936 727 1080 763 eaedem
1093 742 1111 772 ,·
1137 728 1241 775 quod
1256 741 1300 764 ne
1313 729 1399 776 quis
1409 730 1585 778 praecipi

257 789 428 836 miretur,
468 789 642 828 Ciceroni
676 791 717 828 in
756 791 927 839 epistulis
956 792 1117 829 excidit:
1160 793 1240 830 Res
1272 792 1367 831 mihi
1400 793 1579 832 invisae

200 864 239 886 10
257 852 360 892 visae
382 862 480 900 sunt,
506 856 635 893 Brute.

315 932 370 965 14.
407 919 544 967 Quint.
565 921 623 957 II
633 932 696 959 20.
718 932 741 971 9
768 921 934 969 Quodsi
956 934 999 958 ea
1028 922 1069 959 in
1098 935 1241 970 quoque
1270 924 1498 960 animalium
1528 931 1581 961 cst

254 984 379 1021 virtus
397 998 474 1032 qua
485 990 668 1033 praestat
693 991 810 1022 cetera
839 986 904 1023 vel
917 987 1113 1034 pleraque,
1137 991 1182 1022 ut
1208 987 1248 1024 in
1278 988 1378 1024 leone
1406 988 1575 1037 impetus,

253 1050 294 1085 in
341 1062 432 1097 equo
469 1050 650 1096 velocitas,
693 1051 879 1087 lzominem
909 1055 1031 1098 porro
1068 1051 1216 1088 ratione
1253 1056 1364 1099 atque
1410 1053 1579 1089 oratione

252 1115 425 1151 excellere
452 1115 579 1152 ceteris
607 1120 747 1152 certum
776 1119 838 1161 est,
861 1127 930 1151 cur
955 1127 1029 1151 non
1064 1120 1142 1152 tam
1168 1115 1208 1152 in
1233 1117 1441 1164 eloquentia
1462 1130 1576 1164 quam

196 1188 232 1219 15
252 1179 294 1215 in
333 1179 480 1215 ratione
510 1179 690 1217 virtutem
723 1179 803 1215 eius
839 1191 913 1215 esse
949 1179 1153 1225 credamus,
1188 1185 1348 1227 recteque
1378 1180 1443 1216 lzoc
1475 1181 1583 1229 apud

257 1244 468 1282 Ciceronem
487 1245 634 1281 dixerit
656 1244 845 1281 Crassus:
877 1245 885 1261 ‘
899 1244 970 1279 Est
991 1241 1095 1280 enim
1121 1242 1346 1291 eloquentia
1366 1256 1444 1280 una
1464 1256 1578 1292 quae-

252 1308 343 1345 dam
364 1309 414 1345 de
435 1307 599 1345 summis
619 1306 850 1352 virtutibus‚’
870 1311 907 1343 et
928 1306 1006 1354 ipse
1036 1307 1163 1344 Cicero
1182 1320 1206 1343 a
1226 1319 1297 1343 sua
1308 1313 1476 1355 persona
1495 1320 1575 1344 cum

251 1373 306 1408 ad
320 1373 494 1409 Brutum
522 1373 565 1409 in
593 1372 765 1420 epistulis
794 1375 874 1408 tum
904 1371 994 1408 aliis
1023 1371 1137 1408 etiam
1171 1371 1258 1408 locis
1287 1371 1466 1409 virtutem
1495 1384 1575 1408 eam

250 1438 438 1485 appellet?

193 1515 231 1537 :0
308 1512 364 1551 15.
396 1502 540 1539 Fronto
573 1501 675 1550 epist.
713 1502 768 1538 ad
794 1500 938 1539 Anton.
969 1501 1058 1549 imp.
1084 1505 1121 1538 et
1151 1500 1308 1538 invicem
1334 1501 1391 1538 II
1401 1512 1424 1550 5
1437 1507 1480 1550 p.
1503 1513 1576 1550 107

247 1566 351 1604 Ναί).
415 1567 509 1604 Tres
527 1567 644 1603 libros
667 1564 940 1615 (excerptorum
971 1579 1018 1603 ex
1048 1565 1238 1603 Ciceronis
1266 1564 1463 1616 epistulis),
1484 1568 1576 1604 duos

247 1631 303 1668 ad
316 1632 499 1678 Brutum,
522 1644 642 1668 unum
663 1631 718 1667 ad
732 1631 895 1677 Axium,
917 1631 1076 1668 describi
1092 1631 1242 1676 iubebis,
1265 1630 1303 1668 si
1317 1631 1414 1679 quid
1430 1632 1489 1668 rei
1503 1644 1576 1668 esse

246 1696 444 1743 videbitur,
478 1700 514 1732 et
541 1696 707 1733 remittes
737 1695 862 1740 milii,·
902 1708 993 1733 nam
1030 1696 1264 1744 exemplares
1296 1707 1423 1732 eorum
1457 1708 1572 1733 excer-

236 1764 396 1809 ptorum
416 1761 542 1797 nullos
549 1759 636 1809 feci.

777 1846 839 1877 AB
865 1846 1040 1878 EODEM.

306 1920 363 1956 16.
394 1919 587 1956 Priscian.
603 1919 674 1956 IX
691 1929 724 1969 7.
733 1917 790 1969 38
809 1919 842 1955 ii
856 1929 950 1968 474.
966 1930 1012 1970 23
1028 1919 1129 1956 Keil.
1150 1919 1366 1967 Composita
1381 1918 1429 1955 ab
1448 1931 1486 1956 eo
1507 1916 1568 1969 (sc.

244 1983 408 2033 statum)
427 1984 535 2020 varie
563 1984 812 2020 vetustissimi
820 1984 1076 2032 protulerunt
1103 2012 1110 2020 .
1141 2012 1150 2022 .
1182 2011 1191 2021 .
1225 1985 1394 2032 ‘praesto
1409 1983 1418 1999 '
1442 1985 1570 2031 ‘prae-

244 2049 397 2085 stitum'
417 2053 455 2085 et
473 2050 482 2065 ‘
484 2052 731 2097 praestatum
744 2048 752 2064 '
782 2077 790 2085 .
825 2076 834 2085 .
863 2076 871 2084 .
899 2049 1054 2085 Brutus
1072 2048 1114 2085 in
1134 2048 1325 2096 epistuli53
1355 2046 1500 2085 Occiso
1522 2048 1565 2086 C.

245 2113 412 2151 Caesare
432 2119 643 2162 postquam
664 2125 770 2150 mare
789 2111 992 2150 transierat
1011 2119 1250 2162 praestatum
1271 2118 1339 2149 est.

301 2191 315 2215 1
327 2190 357 2225 7.
385 2177 550 2225 Quintil.
568 2178 681 2225 IX4.
697 2188 743 2227 75
756 2178 873 2214 Peius
883 2177 1108 2225 cluditfinis
1119 2177 1340 2223 hexametri,
1360 2182 1405 2212 ut
1414 2176 1568 2213 Brutus

241 2243 282 2279 in
301 2242 471 2291 epistulis
485 2257 499 2279 .·
527 2242 670 2291 Neque
690 2240 744 2278 illi
760 2243 910 2279 malunt
926 2242 1070 2279 habere
1082 2248 1229 2279 tutores
1245 2247 1312 2278 aut
1327 2241 1562 2285 defensores,

241 2305 428 2356 quoniam
448 2319 607 2343 causam
628 2304 756 2343 sciunt
775 2305 968 2355 placuisse
989 2306 1142 2345 Catoni.

189 1856 226 1887 25

185 2200 225 2230 30

283 2388 303 2417 6
327 2393 359 2418 et
377 2386 577 2426 Quintiliani
589 2385 716 2416 videtur
726 2396 791 2417 esse
857 2397 877 2426 9
902 2387 1029 2418 invisae
1046 2386 1121 2418 add.
1136 2386 1260 2427 Regius
1327 2397 1368 2417 22
1391 2386 1565 2417 Auxilium

241 2431 303 2462 cod.
327 2430 358 2460 V
356 2431 504 2461 aticauus
521 2431 642 2471 (manu
654 2430 781 2470 prima)
1464 2472 1479 2491 *
