1871 2782
261 157 315 194 II.

291 661 315 698 3

288 1176 313 1212 4

298 2089 315 2114 1

335 156 385 192 xi
699 153 754 189 M.
788 152 956 191 TVLLI
987 150 1294 190 CICERONIS

334 272 391 303 est
425 270 582 302 senatus
611 263 726 301 datus
756 263 937 312 frequens
952 276 962 310 3
1000 263 1224 312 frequentes
1254 266 1390 300 contra
1420 259 1564 310 Syriaci
1594 275 1662 311 pu-

334 328 487 367 blicani.
547 328 814 365 Vehementer
846 334 1006 364 vexatus
1046 325 1266 373 Gabinius;
1309 324 1489 374 exagitati
1527 333 1660 364 tamen

333 408 355 432 a
379 392 555 431 Domitio
576 392 776 442 publicani
805 393 913 442 quod
939 406 1029 430 eum
1051 399 1181 430 essent
1202 405 1292 430 cum
1314 390 1425 440 equis
1450 391 1656 440 prosecuti.

335 460 376 495 L.
412 464 543 496 noster
578 456 715 494 Lamia
748 458 867 506 paulo
901 456 1078 502 ferocius,
1115 470 1206 494 cum
1242 454 1441 494 Domitius
1475 455 1658 494 dixisset:

337 523 497 560 ‘Vestra
527 522 642 570 culpa
671 522 767 559 haec
795 520 1032 566 acciderunt,
1063 520 1213 570 equites
1244 519 1441 566 Romani3
1470 519 1659 558 dissolute
1678 529 1696 561 5

334 586 440 625 enim
469 585 674 632 iudicatis‚'
704 587 811 623 ‘Nos
841 585 1074 632 iudicamus,
1097 598 1167 623 vos
1196 584 1388 631 laudatis‚'
1414 584 1551 634 inquit.
1610 587 1661 622 A-

335 659 442 690 ctum
472 659 530 689 est
559 664 607 689 eo
632 650 695 689 die
725 650 846 697 nihil3
879 664 957 688 nox
988 649 1154 688 diremit.
1214 648 1491 688 Comitialibus
1520 649 1661 688 diebus

335 716 401 766 qui
423 715 641 764 Quirinalia
661 722 878 764 sequuntur
899 713 1051 763 Appius
1079 713 1352 763 interpretatur
1379 727 1460 751 non
1480 713 1662 763 impediri

334 793 374 818 se
401 781 485 829 lege
508 779 632 829 Pupia
659 793 739 828 quo
761 779 889 816 minus
916 779 1058 816 habeat
1080 785 1260 816 senatum
1288 785 1337 824 et,
1361 778 1470 826 quod
1491 777 1661 815 Gabinia

333 852 511 882 sanctum
541 844 599 891 sit,
623 843 740 882 etiam
771 842 857 893 cogi
887 856 934 880 ex
965 844 1014 880 K.
1042 842 1154 882 Febr.
1185 855 1310 891 usque
1339 843 1389 880 ad
1421 843 1470 880 K.
1496 842 1658 880 Martias
1682 857 1721 879 10

332 908 466 958 legatis
488 916 669 947 senatum
690 907 835 946 cotidie
855 908 957 947 dare.
1019 908 1081 945 Ita
1106 914 1294 958 putantur
1321 906 1477 945 detrudi
1501 906 1661 946 comitia

332 975 371 1012 in
399 987 576 1013 mensem
600 972 798 1011 Martium.
860 973 937 1010 Sed
967 980 1100 1010 tamen
1130 971 1190 1010 his
1220 970 1484 1009 comitialibus
1514 971 1661 1012 tribuni

333 1041 382 1090 pl.
406 1041 456 1077 de
478 1037 649 1077 Gabinio
671 1051 711 1076 se
731 1044 886 1075 acturos
907 1050 991 1075 esse
1012 1036 1159 1077 dicunt.

388 1102 534 1142 Omnia
565 1102 720 1152 conligo
750 1109 792 1139 ut
823 1101 915 1139 novi
946 1101 1115 1140 scribam
1146 1101 1295 1152 aliquid
1325 1102 1377 1140 ad
1408 1108 1471 1149 te3
1509 1102 1589 1149 sed,
1618 1108 1661 1139 ut

334 1168 454 1215 vides,
484 1181 542 1206 res
573 1181 636 1205 me
662 1167 746 1216 ipsa
773 1166 915 1205 deficit.
977 1168 1117 1216 Itaque
1150 1168 1202 1205 ad
1230 1167 1514 1206 Callisthenem
1543 1174 1582 1205 et
1610 1167 1660 1205 ad
1684 1181 1719 1212 15

334 1234 541 1272 Philistum
562 1234 691 1279 redeo,
707 1232 745 1269 in
763 1232 906 1282 quibus
926 1239 963 1270 te
984 1231 1100 1270 video
1119 1233 1348 1271 volutatum.
1400 1232 1661 1272 Callisthenes

333 1299 494 1349 quidem
520 1300 677 1348 vulgare
703 1304 741 1336 et
770 1304 908 1335 notum
938 1297 1154 1347 negotium,
1178 1311 1298 1347 quem
1323 1298 1375 1335 ad
1401 1299 1567 1336 modum
1595 1297 1661 1335 ali-

332 1371 429 1413 quot
450 1362 589 1401 Graeci
610 1361 730 1400 locuti
751 1369 851 1407 sunt,
876 1361 1028 1399 Siculus
1048 1361 1113 1400 ille
1134 1361 1320 1412 capitalis,
1343 1362 1489 1410 creber,
1507 1369 1658 1409 acutus,

333 1428 470 1477 brevis,
493 1441 618 1479 paene
648 1427 810 1477 pusillus
831 1426 1112 1476 Thucydides;
1140 1428 1211 1465 sed
1235 1434 1342 1466 utros
1369 1427 1451 1465 eius
1475 1427 1659 1466 habueris

332 1493 450 1531 libros
482 1494 579 1544 (duo
609 1491 713 1530 enim
745 1499 834 1529 sunt
864 1490 1043 1542 corpora)
1073 1505 1124 1529 an
1153 1499 1341 1541 utrosque
1369 1491 1515 1530 nescio.
1589 1494 1659 1531 Me
1681 1507 1720 1529 20

332 1558 454 1608 magis
475 1560 525 1597 de
544 1557 734 1607 Dionysio
755 1558 923 1596 delectat
940 1572 949 1604 3
979 1557 1062 1610 ipse
1082 1565 1140 1595 est
1160 1556 1266 1595 enim
1282 1565 1475 1595 veterator
1494 1571 1659 1608 magnus

331 1631 369 1661 et
400 1622 667 1672 perfamiliaris
700 1622 864 1660 Philisto
901 1621 1124 1671 Dionysius.
1185 1623 1273 1668 Sed,
1305 1623 1413 1671 quod
1440 1636 1487 1660 ea
1510 1622 1658 1669 scribis,

330 1687 605 1737 adgrederisne
625 1688 676 1725 ad
696 1686 926 1725 historiam?
985 1689 1054 1725 Me
1080 1694 1239 1725 auctore
1265 1694 1378 1736 potes
1399 1694 1447 1734 et,
1470 1687 1660 1736 quoniam

330 1752 552 1791 tabellarios
569 1751 852 1799 subministras,
868 1751 1048 1790 hodierni
1065 1751 1143 1790 diei
1158 1765 1218 1790 res
1233 1758 1360 1801 gestas
1378 1752 1660 1801 Lupercalibus

330 1818 506 1856 habebis.
567 1818 734 1856 Oblecta
754 1824 793 1855 te
813 1831 903 1855 cum
927 1817 1119 1857 Cicerone
1139 1824 1273 1856 nostro
1294 1831 1413 1867 quam
1434 1817 1657 1856 bellissime.
1682 1829 1718 1861 25
1761 1825 1764 1829 ’

375 1933 466 1968 XII
531 1936 598 1967 Ser.
619 1936 652 1967 in
671 1936 825 1967 Cumano
840 1938 889 1967 vel
905 1937 1109 1977 Pompeiano
1125 1948 1168 1969 m.
1188 1937 1269 1968 Mai.
1289 1948 1319 1968 a.
1341 1947 1399 1977 700
1417 1937 1502 1979 (54).

560 2007 761 2038 MARCVS
785 2008 964 2047 QVINTO
986 2008 1082 2038 FRA
1093 2009 1172 2038 TRI
1191 2008 1432 2040 SALVTEM.

390 2078 500 2114 Duas
528 2078 658 2115 adhuc
687 2091 710 2115 a
739 2086 777 2115 te
805 2077 940 2127 accepi
974 2078 1159 2128 epistulas
1174 2094 1184 2126 3
1227 2091 1392 2128 quarum
1425 2079 1586 2116 alteram
1620 2079 1660 2118 in
1852 2091 1859 2127 ρ

334 2141 419 2190 ipso
449 2141 623 2180 discessu
653 2150 798 2189 nostro,
830 2145 989 2181 alteram
1021 2143 1201 2181 Arimino
1240 2145 1382 2191 datam,
1412 2143 1531 2193 pluris
1563 2157 1660 2193 quas

377 2239 395 2258 2
420 2234 532 2259 tamen
551 2229 610 2259 M:
636 2230 738 2260 etiam
757 2230 896 2270 Madvtg
998 2241 1017 2269 4
1044 2230 1079 2261 L.
1100 2229 1193 2260 Man.
1211 2242 1219 2260 :
1244 2230 1348 2260 Gaius
1367 2228 1408 2258 ,W
1517 2240 1552 2260 11
1580 2231 1660 2262 dare

334 2271 498 2303 Faernus:
523 2273 595 2303 dari
613 2273 654 2303 M
745 2284 780 2312 14
808 2274 929 2305 Omnia
943 2298 950 2305 .
967 2298 973 2305 .
990 2297 997 2306 .
1016 2274 1130 2304 deficit
1146 2284 1210 2303 om.
1231 2272 1285 2302 Μ1
1305 2284 1312 2303 z
1337 2273 1411 2304 cdd.
1431 2272 1485 2302 M2
1503 2274 1536 2303 in
1551 2285 1656 2314 marg.

336 2325 371 2352 17
398 2325 495 2353 quern
514 2340 520 2346 .
541 2340 547 2347 .
567 2340 574 2347 .
595 2322 673 2347 sunt
689 2318 755 2347 svcl.
782 2317 904 2356 Tyrrell
1127 2318 1166 2346 18
1191 2316 1324 2347 Siculus
1344 2316 1419 2347 Vict.
1437 2328 1444 2346 τ
1469 2322 1605 2347 secutus
1622 2316 1665 2346 M

332 2368 369 2387 21
399 2360 407 2375 ⁴
421 2358 471 2388 De
492 2360 671 2398 Dionysio'
691 2359 878 2400 lVesenberg
968 2371 1008 2390 22
1034 2359 1218 2398 Dionysius
1235 2371 1299 2391 orn.
1322 2360 1503 2390 Cratander
1569 2361 1659 2399 quod

333 2411 372 2431 ea
385 2402 501 2432 scribi÷
515 2402 690 2433 Biiclzeler:
714 2405 824 2442 quoad
839 2403 956 2434 scribis
975 2403 1050 2434 Ml:
1074 2404 1164 2443 quod
1182 2404 1298 2434 scribis
1315 2402 1366 2434 R:
1392 2404 1480 2442 quod
1497 2404 1659 2435 adscribis
1848 2406 1851 2428 Ι

332 2444 445 2475 Baiter
563 2456 604 2485 23
630 2447 884 2486 adgrediarisne
902 2447 934 2477 R
950 2448 1063 2478 Baiter
1188 2448 1230 2477 28
1253 2457 1394 2486 quarum
1410 2446 1469 2478 del.
1488 2447 1620 2478 Ernesti
1853 2462 1857 2548 ι
