1871 2782
621 181 733 219 EPP.
766 183 842 218 AD
875 183 1110 219 BRVTVM
1482 184 1512 221 Ι.
1530 184 1608 220 xvi

198 303 290 339 prae
322 298 359 328 te
393 291 492 328 feras
525 304 607 328 non
638 291 831 329 sublatam
865 291 1178 330 dominationem
1213 293 1283 331 sed
1314 292 1521 332 dominum

198 364 485 394 commutatum
506 370 601 394 csse.
660 357 792 394 Verba
821 364 887 394 tua
916 370 1153 406 recognosce
1183 365 1221 395 et
1250 359 1352 396 aude
1382 371 1522 408 negare

198 419 401 458 servientis
421 422 607 459 adversus
627 434 757 470 regem
780 420 871 458 istas
891 434 976 458 esse
1001 434 1146 470 preces.
1206 424 1339 460 Vnum
1361 422 1415 461 ais
1436 436 1521 461 esse

199 485 307 532 quod
327 485 378 522 ab
406 498 454 523 eo
475 487 692 534 postuletur
712 492 750 523 et
770 492 1025 534 exspectetur,
1043 493 1085 523 ut
1105 499 1172 523 eos
1193 486 1287 524 civis
1308 488 1357 525 de
1377 486 1520 536 quibus

160 564 178 595 5
199 547 267 585 viri
294 548 390 586 boni
413 551 661 599 populusque
687 550 892 587 Romanus
917 550 1018 588 bene
1042 550 1236 588 existimet
1262 552 1388 589 salvos
1415 551 1519 590 velit.

200 612 308 661 Quid
335 613 367 651 si
397 613 525 653 nolit?
551 628 633 652 non
664 613 836 652 erimus?
904 613 1025 663 Atqui
1058 628 1138 652 non
1170 628 1254 653 esse
1285 628 1403 664 quam
1436 629 1520 653 esse

197 691 266 727 per
294 678 403 716 illum
432 687 609 729 praestat.
671 681 756 729 Ego
788 679 940 717 medius
975 680 1090 718 fidius
1120 693 1200 718 non
1232 680 1411 719 existimo
1441 689 1520 718 tam
1539 693 1563 720 2

198 743 326 781 omnis
347 745 443 782 deos
463 757 618 782 aversos
639 757 724 782 esse
743 757 766 782 a
786 746 909 782 salute
930 745 1064 794 populi
1083 744 1254 783 Romani
1275 753 1316 783 ut
1334 745 1521 784 Octavius

199 810 370 846 orandus
409 809 457 846 sit
496 822 566 859 pro
604 810 728 847 salute
766 809 999 858 cuiusquam
1038 809 1142 856 civis,
1177 823 1257 848 non
1289 809 1418 848 dicam
1453 822 1524 860 pro

140 887 180 909 10
199 872 470 911 liberatoribus
491 873 596 912 orbis
617 881 829 920 terrarum3
857 873 963 911 iuvat
991 873 1097 911 enim
1125 873 1331 923 magnifice
1358 873 1465 923 loqui
1486 880 1524 912 et

199 945 302 976 certe
323 940 436 977 decet
456 940 641 977 adversus
662 938 874 989 ignorantis
902 938 997 988 quid
1024 952 1093 988 pro
1123 952 1282 988 quoque
1303 938 1523 977 timendum

197 1010 265 1041 aut
284 1017 307 1041 a
327 1017 486 1053 quoque
514 1005 730 1054 petendum
761 1003 818 1041 sit.
880 1005 972 1041 Hoc
999 1011 1051 1050 tu,
1076 1003 1229 1051 Cicero,
1250 1017 1365 1053 posse
1395 1003 1524 1042 fateris

199 1068 410 1107 Octavium
440 1076 478 1107 et
506 1068 561 1106 illi
590 1068 739 1106 amicus
769 1070 839 1106 es?
868 1075 944 1115 aut,
978 1067 1009 1106 si
1042 1082 1105 1106 me
1134 1082 1267 1106 carum
1302 1069 1438 1116 habes,
1467 1068 1523 1106 vis

199 1135 353 1172 Rornae
390 1133 533 1179 videre,
567 1147 657 1171 curn
696 1140 738 1171 ut
772 1132 827 1171 ibi
865 1146 950 1171 esse
988 1146 1146 1182 possem
1181 1134 1523 1171 commendandus

139 1209 178 1244 15
198 1211 320 1248 puero
351 1197 405 1236 illi
438 1197 606 1235 fuerim?
663 1197 738 1236 Cui
768 1196 863 1246 quid
893 1196 973 1246 agis
1002 1196 1152 1246 gratias,
1176 1196 1208 1235 si
1235 1204 1277 1234 ut
1301 1210 1374 1235 nos
1395 1199 1521 1236 salvos

199 1276 284 1302 6336
303 1262 395 1300 velit
421 1269 459 1300 et
479 1261 647 1312 patiatur
666 1263 884 1310 rogandum
909 1263 1053 1311 putas?
1109 1263 1174 1298 An
1202 1262 1279 1299 hoc
1309 1275 1379 1311 pro
1408 1262 1525 1300 bene-

199 1326 289 1365 ficio
309 1327 537 1365 habendum
559 1333 627 1373 est,
651 1327 759 1375 quod
788 1339 828 1364 36
853 1339 971 1375 quam
999 1325 1220 1364 Antonium
1241 1339 1325 1364 esse
1346 1326 1525 1364 maluerit

197 1405 221 1430 a
240 1404 320 1441 quo
340 1390 412 1429 ista
432 1391 603 1440 petenda
626 1392 786 1428 essent?
841 1389 1001 1428 Vindici
1030 1389 1192 1439 quidem
1221 1389 1371 1428 alienae
1400 1390 1525 1429 dorni-

199 1456 379 1502 nationis,
402 1469 482 1493 non
502 1454 659 1503 vicario,
680 1454 813 1505 ecquis
839 1455 1032 1505 supplicat
1059 1462 1101 1493 ut
1128 1454 1276 1504 optime
1302 1454 1448 1493 meritis
1474 1456 1525 1494 de

140 1533 182 1556 20
201 1535 240 1560 re
274 1519 433 1570 publica
470 1519 584 1558 liceat
623 1533 708 1558 esse
747 1519 892 1557 salvis?
963 1521 1044 1557 Ista
1076 1532 1168 1557 vero
1207 1518 1453 1557 imbecillitas
1487 1526 1524 1558 et
1545 1528 1568 1564 3

200 1584 430 1634 desperatio,
460 1584 571 1622 cuius
602 1586 718 1634 culpa
748 1571 829 1622 non
861 1584 983 1633 magis
1017 1583 1057 1621 in
1088 1590 1126 1622 te
1160 1583 1303 1622 residet
1337 1597 1455 1633 quam
1485 1582 1525 1621 in

199 1649 384 1688 omnibus
403 1649 499 1696 aliis,
522 1656 559 1687 et
585 1650 794 1688 Caesarem
823 1648 864 1686 in
893 1648 1149 1698 cupiditatem
1179 1647 1286 1698 regni
1313 1647 1467 1697 impulit
1487 1654 1526 1686 et

197 1714 376 1753 Antonio
405 1721 493 1764 post
524 1714 724 1752 interitum
754 1714 855 1752 illius
882 1712 1073 1764 persuasit
1100 1719 1142 1750 ut
1173 1711 1365 1750 interfecti
1394 1713 1525 1750 locum

198 1793 391 1830 occupare
429 1786 635 1818 conaretur
666 1787 704 1818 et
733 1793 839 1817 nunc
877 1791 1043 1829 puerum
1078 1777 1196 1815 istum
1235 1776 1380 1823 extulit,
1411 1784 1454 1814 ut
1484 1783 1525 1814 tu

141 1857 178 1889 25
198 1844 390 1882 iudicares
422 1844 603 1894 precibus
635 1857 719 1882 esse
750 1843 1038 1893 impetrandam
1069 1843 1233 1880 salutern
1264 1840 1406 1879 talibus
1435 1839 1524 1878 viris

199 1909 544 1958 misericordiaque
575 1908 691 1947 unius
720 1908 783 1946 vix
812 1908 930 1946 etiam
963 1921 1068 1945 nunc
1095 1906 1164 1944 viri
1194 1913 1299 1944 tutos
1329 1907 1409 1944 fore
1438 1918 1521 1951 nos,

198 1976 305 2013 haud
337 1976 415 2012 ulla
444 1974 518 2012 alia
551 1988 601 2012 re.
663 1974 784 2022 Quod
815 1973 846 2010 si
879 1975 1084 2011 Romanos
1114 1984 1186 2010 nos
1218 1984 1303 2009 esse
1329 1969 1526 2008 meminis-

198 2053 340 2086 semus,
370 2053 450 2077 non
475 2038 662 2077 audacius
687 2036 881 2076 dominari
911 2044 1099 2086 cuperent
1128 2034 1315 2086 postremi
1344 2034 1524 2072 homines

199 2117 318 2154 quam
356 2104 397 2142 id
435 2117 508 2142 nos
542 2103 853 2154 prohiberemus,
882 2115 1012 2151 neque
1051 2100 1173 2150 magis
1212 2099 1389 2138 inritatus
1423 2106 1524 2137 esset

141 2183 180 2214 30
199 2168 396 2207 Antonius
417 2182 537 2218 regno
559 2167 735 2207 Caesaris
756 2180 874 2217 quam
902 2167 954 2204 ob
979 2165 1155 2204 eiusdem
1183 2172 1349 2203 mortem
1370 2163 1525 2202 deterri-

199 2240 270 2272 tus.
330 2235 393 2271 Tu
420 2233 581 2283 quidem
615 2231 828 2271 consularis
858 2238 896 2269 et
925 2237 1122 2269 tantorum
1154 2230 1342 2267 scelerum
1368 2228 1520 2275 vindex,
1540 2243 1566 2280 4

244 2338 265 2367 6
289 2337 402 2376 Quid?
427 2338 453 2368 si
473 2338 564 2375 nolit,
583 2348 651 2367 non
668 2337 813 2367 erimus?
842 2334 1033 2374 H'cscnbetg
1149 2344 1182 2363 11
1212 2333 1423 2371 ignorantem
1442 2331 1526 2361 Boot

205 2391 241 2419 14
266 2382 382 2411 videre
411 2380 538 2411 Barth:
579 2391 632 2411 me
660 2381 772 2411 videre
806 2379 898 2409 Cobet
925 2390 930 2408 :
956 2376 1062 2408 videri
1095 2376 1206 2407 codd:
1231 2376 1314 2414 fort.
1344 2386 1396 2405 me
1422 2375 1527 2406 videri

205 2434 241 2462 17
263 2435 338 2454 eum
351 2428 425 2455 ante
437 2435 512 2455 esse
525 2424 717 2455 addendum
731 2423 809 2454 coni.
826 2422 949 2452 Mt'illcr
1035 2431 1074 2458 24
1096 2421 1194 2450 istum
1212 2420 1256 2450 ita
1274 2419 1391 2450 extulit
1405 2418 1522 2448 Lamb.

245 2489 309 2510 Cle.
327 2489 374 2510 AD
391 2489 490 2510 BRVT.
1421 2473 1441 2502 9
