1871 2782
202 601 273 651 M.
301 602 514 650 TVLLI
554 601 953 651 CICERONIS
985 601 1088 650 AD
1122 601 1189 649 M.
1221 601 1522 649 BRVTVM

835 718 892 749 ET

242 811 303 852 M.
337 812 528 854 BRVTI
560 812 651 853 AD
686 813 747 853 M.
781 812 1070 853 TVLLIVM
1106 810 1481 853 CICERONEM

637 902 1090 944 EPISTVLARVM

657 1011 829 1048 LIBER
858 1011 1069 1048 PRIMVS

241 1144 264 1179 Ῑ
531 1146 599 1179 Ser.
619 1146 728 1178 codem
746 1146 794 1177 die
809 1157 871 1187 quo
887 1151 931 1187 ep.
952 1157 971 1176 2
989 1157 1020 1178 a.
1040 1155 1094 1185 711
1113 1145 1197 1187 (45).

621 1223 795 1254 CICERO
822 1222 979 1254 BRVTO
1006 1222 1105 1254 SAL.

253 1304 296 1340 L.
330 1302 525 1348 CLODlvs,
548 1300 728 1339 tribunus
757 1300 883 1350 plebis
912 1299 1150 1349 designatus,
1173 1299 1287 1338 valde
1313 1312 1375 1338 me
1404 1299 1527 1349 diligit
1547 1306 1564 1333 Ι

198 1367 269 1413 vel,
302 1374 344 1404 ut
375 1366 670 1416 ἐμφατικώτερον
700 1365 841 1412 dicam,
872 1366 987 1403 valde
1016 1378 1080 1403 me
1108 1372 1224 1403 amat.
1286 1365 1407 1413 Quod
1437 1378 1527 1403 cum

160 1444 177 1475 5
199 1430 295 1469 mihi
321 1430 374 1469 ita
403 1444 631 1482 persuasum
661 1429 719 1476 sit,
752 1443 834 1468 non
858 1429 999 1468 dubito
1028 1430 1148 1480 (bene
1177 1428 1283 1468 enim
1312 1443 1376 1468 me
1405 1430 1526 1479 nosti)

199 1495 294 1546 quin
320 1494 430 1533 illum
451 1508 616 1545 quoque
643 1494 794 1532 iudices
822 1507 845 1532 a
873 1507 937 1532 me
966 1493 1096 1532 amari.
1157 1494 1266 1532 Nihil
1296 1494 1401 1533 enim
1431 1494 1526 1533 mihi

199 1560 328 1598 minus
357 1559 528 1599 hominis
548 1559 702 1598 videtur
729 1573 849 1610 quam
878 1573 959 1597 non
989 1560 1226 1609 respondere
1252 1559 1292 1597 in
1318 1573 1451 1598 amore
1481 1560 1525 1598 iis

198 1638 221 1663 a
250 1624 392 1675 quibus
421 1638 642 1675 provocere.
703 1625 743 1663 Is
774 1624 871 1662 mihi
896 1623 1001 1662 visus
1034 1632 1092 1662 est
1123 1623 1310 1674 suspicari
1339 1638 1412 1663 nec
1441 1624 1525 1663 sine

200 1703 343 1739 magno
375 1689 536 1739 quidem
567 1691 704 1728 dolore
734 1688 883 1739 aliquid
913 1702 936 1727 a
967 1688 1045 1727 suis
1078 1690 1139 1727 vel
1173 1702 1242 1739 per
1275 1702 1365 1727 suos
1395 1689 1524 1739 potius

141 1754 354 1804 10iniquos
388 1755 440 1793 ad
478 1762 516 1794 te
547 1768 633 1793 esse
666 1756 841 1793 delatum
875 1767 955 1804 quo
993 1761 1082 1792 tuus
1120 1753 1274 1792 animus
1302 1767 1326 1792 a
1354 1767 1395 1792 se
1424 1761 1526 1792 esset

198 1818 369 1857 alienior.
430 1820 523 1857 Non
552 1821 670 1865 soleo,
695 1819 748 1857 mi
779 1821 909 1865 Brute,
932 1820 1041 1869 quod
1061 1818 1132 1857 tibi
1159 1826 1297 1856 notum
1322 1831 1405 1856 esse
1429 1817 1527 1856 arbi-

198 1893 286 1931 tror,
322 1892 468 1923 temere
506 1886 712 1923 adfirmare
750 1886 800 1923 de
837 1887 982 1932 altero3
1031 1891 1088 1922 est
1126 1883 1231 1922 enim
1263 1883 1524 1933 periculosum

197 1958 356 2000 propter
420 1952 592 1988 occultas
660 1950 867 1988 hominum
933 1950 1153 1987 voluntates
1221 1947 1526 1997 multiplicisque

198 2022 382 2062 naturas;
410 2016 480 2054 sed
511 2014 628 2054 Clodi
657 2015 832 2052 animum
862 2022 1111 2065 perspectum
1140 2013 1280 2060 habeo,
1311 2013 1523 2063 cognitum,

142 2078 424 2123 15iudicatum.
505 2081 633 2117 Multa
671 2079 753 2118 eius
792 2078 937 2118 indicia
975 2079 1045 2117 sed
1073 2079 1125 2116 ad
1163 2077 1415 2116 scribendum
1445 2091 1525 2116 non

198 2144 425 2182 necessaria.
485 2146 590 2182 Volo
616 2144 723 2182 enim
750 2143 1019 2182 testimonium
1047 2144 1123 2181 hoc
1147 2142 1218 2180 tibi
1244 2142 1366 2181 videri
1395 2143 1525 2192 potius

198 2222 316 2258 quam
338 2209 554 2259 epistulam.
615 2211 766 2247 Auetus
780 2209 930 2247 Antoni
946 2208 1140 2247 beneficio
1161 2215 1228 2246 est.
1289 2207 1383 2246 Eius
1405 2207 1525 2258 ipsius

200 2273 366 2312 benefici
398 2288 539 2324 magna
572 2288 660 2325 pars
691 2287 714 2312 a
746 2281 783 2312 te
817 2281 884 2312 est.
964 2275 1103 2323 Itaque
1137 2286 1228 2312 eum
1262 2272 1376 2311 salvis
1411 2273 1525 2312 nobis

246 2388 284 2408 10
307 2377 439 2416 iniquos
461 2377 548 2409 MC:
578 2378 729 2408 inimicos
753 2376 806 2406 Α2
839 2376 928 2409 Crat.
957 2377 1058 2416 Cobet,
1092 2375 1149 2407 sed
1170 2376 1207 2415 cf
1235 2376 1331 2406 Fam.
1356 2376 1399 2407 xi.
1429 2387 1477 2416 27.
1508 2387 1524 2415 7

203 2431 239 2459 14
265 2421 324 2451 sed
352 2421 484 2452 Baiter:
519 2426 552 2451 et
578 2420 654 2452 M1:
687 2426 721 2451 at
739 2420 804 2451 M2:
849 2431 915 2452 om.
943 2421 1030 2461 vulg.
1170 2430 1206 2459 15
1232 2421 1303 2450 eius
1322 2421 1378 2462 (sc.
1404 2421 1524 2460 ammi)

199 2464 287 2495 codd.
309 2476 315 2495 :
339 2465 412 2495 eius
431 2465 478 2495 rei
499 2464 592 2495 Cobet
