1871 2782
146 883 183 905 10

451 181 563 218 EPP.
596 180 673 217 AD
704 179 970 227 QVINTVM
1003 180 1277 217 FRATREM
1480 179 1545 218 Li

198 289 346 341 primus
360 289 472 328 lictor
487 289 644 341 quievit,
660 289 779 328 tacuit
799 303 1000 337 accensus,
1017 290 1198 340 quotiens
1220 290 1387 340 quisque
1400 289 1523 328 voluit

199 354 296 393 dixit
325 363 363 393 et
392 368 511 405 quam
540 354 662 393 voluit
691 354 759 393 diu
774 369 784 401 3
813 354 956 404 quibus
984 354 1048 392 ille
1075 355 1190 393 rebus
1218 357 1380 393 fortasse
1409 355 1524 394 nimis

199 419 297 458 lenis
317 419 522 466 videretur,
545 418 619 457 nisi
648 420 745 457 haec
774 418 913 457 lenitas
942 419 1048 456 illam
1076 419 1320 458 severitatem
1342 427 1522 458 tueretur.

201 485 454 533 Cogebantur
500 483 648 522 Sullani
695 482 876 521 homines
921 497 1021 533 quae
1068 497 1136 534 per
1176 484 1254 522 vim
1299 492 1337 523 et
1376 492 1524 523 metum

199 549 440 586 abstulerant
481 549 669 595 reddere3
715 547 782 598 qui
825 547 864 585 in
910 548 1197 598 magistratibus
1240 549 1423 587 iniuriose
1461 551 1526 587 de-

201 620 410 660 creverant,
433 614 574 651 eodem
604 612 697 663 ipsis
726 612 884 663 privatis
913 621 993 651 erat
1018 612 1099 651 iure
1123 615 1352 663 parendum.
1412 616 1525 652 Haec

201 677 302 715 illius
341 677 522 716 severitas
560 678 702 716 acerba
739 677 944 723 videretur,
980 677 1054 715 nisi
1093 677 1225 716 multis
1263 677 1528 716 condimentis

202 742 454 780 humanitatis
477 742 724 792 mitigaretur.
787 743 908 791 Quod
924 742 954 780 si
971 743 1068 780 haee
1088 741 1226 780 lenitas
1246 750 1353 793 grata
1374 744 1526 781 Romae
1572 757 1587 778 2

203 815 271 854 est,
294 807 361 846 ubi
389 815 497 845 tanta
522 807 751 857 adrogantia
777 815 845 854 est,
869 815 947 845 tarn
973 807 1232 845 immoderata
1258 807 1425 854 libertas,
1448 814 1527 845 tam

203 870 355 910 infinita
393 872 600 910 hominum
647 872 814 919 licentia,
855 871 1027 922 denique
1070 879 1127 910 tot
1175 872 1430 922 magistratus,
1472 879 1529 910 tot

201 936 354 983 auxilia,
396 944 503 975 tanta
528 938 670 987 populi
704 937 771 984 vis,
808 945 916 975 tanta
953 944 1110 975 senatus
1148 937 1368 984 auctoritas,
1410 950 1528 987 quam

203 999 377 1040 iucunda
404 1003 566 1041 tandem
596 1002 782 1052 praetoris
812 1002 976 1040 comitas
1006 1001 1046 1040 in
1074 1001 1169 1040 Asia
1195 1010 1324 1052 potest
1351 1006 1458 1041 esse!
1489 1002 1528 1040 in

205 1078 282 1115 qua
312 1073 419 1104 tanta
448 1066 662 1105 multitudo
693 1066 847 1114 civium,
871 1074 978 1105 tanta
1005 1066 1212 1114 sociorum,
1236 1074 1292 1105 tot
1322 1068 1449 1113 urbes,
1473 1074 1530 1105 tot

204 1129 378 1169 civitates
395 1131 510 1170 unius
526 1131 697 1170 hominis
711 1139 849 1169 nutum
864 1131 1077 1179 intuentur,
1093 1131 1161 1169 ubi
1178 1133 1328 1169 nullum
1344 1131 1530 1169 auxilium

205 1202 276 1243 est,
305 1197 412 1234 nulla
449 1197 695 1246 conquestio,
727 1198 858 1234 nullus
897 1203 1066 1242 senatus,
1098 1197 1204 1234 nulla
1238 1196 1382 1234 contio.
1442 1198 1532 1244 Qua

204 1274 244 1298 re
282 1260 484 1310 permagni
526 1260 698 1299 hominis
737 1267 795 1298 est
834 1267 872 1298 et
910 1274 1001 1298 cum
1040 1260 1123 1309 ipsa
1165 1268 1303 1299 natura
1341 1262 1529 1299 moderati

204 1332 288 1362 tum
321 1338 413 1364 vero
447 1324 565 1363 etiam
598 1325 777 1364 doctrina
809 1332 928 1375 atque
959 1324 1195 1375 optimarum
1224 1325 1364 1363 artium
1394 1326 1532 1364 studiis

205 1389 346 1428 eruditi
384 1389 439 1427 sic
473 1403 514 1428 se
551 1390 740 1429 adhibere
778 1389 818 1428 in
857 1397 964 1428 tanta
1002 1397 1195 1440 potestate
1233 1398 1275 1428 ut
1313 1392 1420 1428 nulla
1457 1391 1532 1429 alia

207 1462 379 1505 potestas
413 1455 463 1494 ab
495 1454 540 1493 iis
575 1455 718 1506 quibus
752 1455 783 1493 is
822 1455 964 1506 praesit
998 1455 1248 1494 desideretur.
1309 1457 1433 1505 Cyrus
1467 1456 1531 1494 ille

151 1533 165 1555 2
208 1534 231 1558 a
274 1522 543 1571 Xenophonte
581 1535 662 1560 non
700 1522 751 1560 ad
790 1520 974 1559 historiae
1012 1521 1132 1559 fidem
1171 1521 1336 1571 scriptus
1375 1522 1444 1559 sed
1481 1522 1533 1560 ad

208 1586 375 1637 effigiem
404 1586 495 1625 iusti
524 1586 673 1637 imperi,
710 1586 820 1625 cuius
855 1600 1010 1624 summa
1037 1585 1202 1636 gravitas
1231 1586 1281 1624 ab
1316 1586 1383 1624 illo
1412 1587 1535 1636 philo-

207 1652 334 1701 sopho
368 1665 459 1690 cum
490 1651 674 1702 singulari
707 1651 893 1690 comitate
926 1650 1199 1700 coniungitur3
1241 1664 1340 1701 quos
1375 1651 1535 1701 quidem

206 1716 327 1755 libros
364 1730 446 1755 non
484 1716 568 1755 sine
606 1730 725 1755 causa
761 1724 894 1755 noster
927 1716 991 1754 ille
1029 1715 1236 1754 Africanus
1270 1717 1320 1754 de
1354 1716 1535 1754 manibus

208 1795 355 1832 ponere
383 1795 464 1820 non
492 1782 643 1821 solebat
658 1797 668 1830 3
696 1784 848 1820 nullum
875 1789 933 1820 est
960 1781 1064 1820 enim
1089 1781 1403 1831 praetermissum
1430 1781 1469 1818 in
1491 1780 1535 1819 iis

177 1858 188 1865 ·
209 1846 382 1885 officium
411 1847 607 1898 diligentis
638 1855 675 1886 et
706 1847 898 1886 moderati
927 1846 1245 1896 imperi—eaque
1272 1845 1303 1883 si
1330 1845 1385 1884 sic
1414 1845 1535 1884 coluit

208 1911 272 1950 ille
311 1912 378 1962 qui
415 1912 588 1962 privatus
627 1914 777 1951 futurus
816 1926 1034 1962 numquam
1079 1911 1160 1957 fuit,
1202 1924 1374 1960 quonam
1414 1912 1535 1949 modo

207 1976 413 2016 retinenda
442 1985 533 2016 sunt
560 1977 605 2015 iis
636 1977 779 2027 quibus
808 1977 1015 2027 imperium
1045 1976 1099 2014 ita
1128 1977 1264 2014 datum
1295 1983 1352 2014 est
1381 1983 1423 2013 ut
1452 1976 1535 2014 red-

207 2043 357 2089 derent,
372 2049 409 2080 et
429 2041 480 2080 ab
501 2041 546 2079 iis
567 2041 718 2091 legibus
739 2043 875 2079 datum
896 2048 954 2079 est
973 2041 1024 2079 ad
1041 2054 1137 2090 quas
1157 2041 1431 2079 revertendum
1447 2041 1535 2078 est?

262 2108 321 2145 Ac
352 2106 448 2144 mihi
478 2106 640 2156 quidem
662 2106 844 2144 videntur
873 2106 950 2144 huc
980 2105 1113 2143 omnia
1143 2119 1227 2144 esse
1257 2106 1460 2144 referenda
1488 2104 1533 2143 iis

255 2220 268 2241 1
294 2210 438 2250 primus]
462 2210 635 2249 proximus
655 2208 775 2239 Orelli:
811 2209 950 2248 primum
969 2208 1160 2248 Malasjn'na
1291 2209 1417 2248 quievit
1433 2207 1537 2238 Pant-

209 2254 365 2293 agathus:
391 2253 445 2292 qui
465 2253 523 2283 suit
540 2252 582 2282 M
677 2254 698 2282 6
721 2253 830 2283 eidem
847 2277 854 2284 .
876 2278 881 2283 .
900 2277 905 2283 .
924 2253 985 2283 iuri
1002 2252 1086 2282 Boot
1185 2262 1224 2283 10
1248 2253 1393 2291 denique
1412 2277 1417 2282 .
1436 2275 1444 2282 .
1462 2276 1468 2283 .
1485 2252 1536 2282 vis

209 2308 276 2328 om.
295 2296 341 2335 M,
362 2296 436 2328 adel.
455 2296 496 2326 M
510 2308 616 2336 marg.
819 2307 853 2326 11
880 2297 994 2336 populi
1012 2295 1086 2326 add.
1107 2295 1255 2326 Ernesti:
1279 2296 1442 2326 contionis
1458 2294 1535 2325 add.

214 2340 402 2380 lVesenberg
510 2341 549 2370 16
573 2340 747 2379 permagni
764 2339 856 2370 Man.
875 2351 882 2370 :
906 2350 978 2370 curn
993 2339 1166 2378 permagni
1184 2339 1242 2369 JW:
1268 2339 1444 2378 temperati
1457 2338 1535 2368 coni.

210 2383 352 2414 Mz'c'ller:
369 2394 505 2422 semper
517 2384 627 2422 magni
645 2383 729 2413 Boot
744 2383 804 2412 coll
827 2383 910 2413 Sest.
930 2392 987 2421 107
1182 2393 1224 2412 20
1247 2383 1391 2421 scriptus
1407 2387 1458 2412 est
1474 2382 1535 2412 sed

215 2426 352 2457 Vrsinus
594 2436 634 2466 25
659 2426 801 2467 ea[que]
823 2426 955 2466 Kayser.
975 2425 1033 2456 sed
1048 2429 1114 2456 tola
1135 2426 1290 2456 sententia
1308 2425 1535 2465 pedetemptim

204 2470 414 2511 progreditur
432 2473 462 2500 et
482 2470 602 2501 sensim
626 2469 846 2500 ἀνακολούθως
861 2469 970 2501 evad:'t
1113 2470 1156 2500 28
1180 2470 1222 2499 sit
1239 2469 1329 2500 Bake

1551 1428 1574 1519 *0oe

1577 1497 1592 1528 μυ

1556 2115 1595 2146 24
