1871 2782
351 185 906 224 COMMENTARIOLVM
939 184 1266 223 PETITIONIS
1425 194 1443 221 1
1465 200 1480 221 2

149 295 260 346 quasi
287 296 326 334 in
353 296 512 346 singulis
539 295 664 334 causis
692 294 879 333 iudicium
907 296 958 334 de
984 294 1093 333 omni
1120 294 1278 345 ingenio
1301 296 1475 333 futurum

148 361 208 399 sit.
268 361 363 399 Eius
391 361 583 400 facultatis
608 360 847 406 adiumenta,
869 373 971 409 quae
991 359 1061 398 tibi
1083 360 1163 398 scio
1184 374 1269 399 esse
1290 359 1470 409 seposita,
1498 370 1515 401 3

148 432 191 463 ut
222 434 355 475 parata
383 440 429 464 ac
463 433 644 476 prompta
677 425 754 463 sint
784 438 876 463 cura
906 432 944 462 et
973 437 1090 474 saepe
1123 438 1224 474 quae
1254 427 1299 462 de
1330 426 1476 463 Demo-

149 490 297 528 sthenis
325 491 455 529 studio
476 499 513 529 et
533 490 809 529 exercitatione
835 488 987 539 scripsit
1010 489 1234 528 Demetrius
1258 490 1473 535 recordare,

110 555 294 597 5deinde
336 563 378 593 ut
414 555 630 593 amicorum
670 562 709 593 et
746 554 957 592 multitudo
995 560 1033 592 et
1071 567 1213 603 genera
1249 560 1472 603 appareant.

150 620 288 658 Habes
323 620 428 658 enim
459 634 505 659 ea
536 634 636 670 quae
671 633 745 657 non
778 621 894 657 mulli
919 618 1085 657 homines
1116 617 1207 656 novi
1241 619 1477 665 habuerunt,

149 684 277 722 omnis
316 684 559 733 publicanos,
591 692 717 723 totum
755 685 834 722 fere
872 690 1092 733 equestrem
1131 681 1321 729 ordinem,
1355 684 1478 720 multa

149 748 304 798 propria
325 749 547 799 municipia,
567 751 710 787 multos
731 749 801 787 abs
822 756 860 786 te
880 749 1064 786 defensos
1085 746 1266 785 homines
1287 746 1478 796 cuiusque

149 812 307 859 ordinis,
330 813 479 863 aliquot
500 813 673 863 collegia,
696 820 895 864 praeterea
918 812 1048 851 studio
1069 811 1227 850 dicendi
1249 811 1478 850 conciliatos

92 893 132 917 10
150 876 338 926 plurimos
362 879 689 925 adulescentulos,
714 877 950 916 cotidianam
971 876 1188 915 amicorum
1208 875 1478 914 assiduitatem

150 949 188 979 et
212 942 481 991 frequentiam.
542 945 656 981 Haec
683 956 774 981 cura
798 950 839 980 ut
869 950 1001 980 teneas
1031 942 1325 980 commonendo
1354 948 1392 979 et
1421 953 1479 979 ro·
1496 957 1517 988 4

149 1007 280 1056 gando
297 1014 334 1045 et
348 1007 456 1045 omni
473 1007 621 1046 ratione
638 1008 844 1046 efficiendo
861 1015 902 1045 ut
923 1007 1148 1057 intellegant
1165 1006 1231 1056 qui
1248 1007 1396 1044 debent
1412 1015 1480 1043 tua

150 1085 277 1118 causa,
304 1073 530 1111 referendae
556 1073 712 1123 gratiaej
734 1073 802 1122 qui
828 1074 974 1118 volunt,
1008 1071 1209 1122 obligandi
1239 1071 1294 1109 tui
1324 1078 1479 1120 tempus

150 1137 224 1175 sibi
244 1137 350 1175 aliud
371 1139 522 1175 nullum
543 1139 634 1177 sore.
691 1138 820 1176 Etiam
841 1139 917 1176 hoc
938 1139 1104 1175 multum
1125 1137 1278 1175 videtur
1297 1135 1480 1174 adiuvare

94 1215 131 1247 15
150 1215 266 1253 posse
305 1215 452 1240 novum
491 1202 705 1249 hominem,
746 1201 952 1240 hominum
992 1200 1185 1239 nobilium
1224 1201 1404 1238 voluntas
1443 1206 1481 1237 et

151 1266 319 1305 maxime
357 1266 631 1305 consularium.
691 1268 856 1305 Prodest
895 1279 1062 1316 quorum
1101 1265 1141 1303 in
1171 1266 1304 1303 locum
1335 1278 1380 1302 ac
1413 1277 1482 1301 nu-

151 1344 303 1369 merum
341 1331 542 1380 pervenire
580 1330 675 1369 velis
708 1331 759 1369 ab
793 1330 838 1368 iis
876 1330 969 1381 ipsis
1008 1330 1075 1368 illo
1105 1331 1195 1368 loco
1233 1343 1278 1367 ac
1316 1329 1480 1379 dignum

151 1409 316 1433 numero
354 1394 490 1444 putari.
551 1395 585 1433 Ii
619 1395 781 1445 rogandi
820 1408 958 1433 omnes
990 1401 1080 1432 sunt
1111 1393 1316 1443 diligenter
1354 1401 1392 1431 et
1429 1394 1480 1431 ad
1501 1409 1516 1440 5

153 1474 221 1499 eos
249 1461 513 1510 adlegandum
537 1467 595 1498 est
615 1460 1012 1510 persuadendumque
1039 1458 1084 1496 iis
1111 1472 1183 1497 nos
1213 1472 1367 1508 semper
1390 1471 1480 1495 curn

97 1541 138 1565 20
155 1524 410 1576 optimatibus
431 1525 481 1563 de
501 1538 541 1563 re
561 1524 719 1575 publica
739 1524 916 1571 sensisse,
939 1523 1101 1562 minime
1121 1522 1318 1573 popularis
1338 1522 1481 1570 fuisse3

155 1590 187 1629 si
226 1590 321 1640 quid
359 1590 479 1628 locuti
517 1590 756 1641 populariter
792 1589 1004 1636 videamur,
1041 1589 1082 1627 id
1120 1602 1192 1627 nos
1231 1602 1279 1627 eo
1317 1587 1482 1626 consilio

154 1655 291 1694 fecisse
315 1662 358 1693 ut
383 1654 498 1693 nobis
523 1656 596 1695 Cn.
629 1655 863 1705 Pompeium
892 1654 1204 1704 adiungeremus,
1231 1660 1273 1691 ut
1301 1666 1391 1691 eum
1417 1651 1484 1702 qui

153 1719 364 1771 plurimum
386 1727 518 1770 posset
537 1728 604 1758 aut
629 1720 801 1758 amicum
828 1719 867 1757 in
888 1726 1020 1757 nostra
1040 1718 1229 1769 petitione
1249 1717 1484 1755 haberemus

153 1792 221 1823 aut
250 1793 353 1823 certe
380 1799 460 1824 non
489 1785 763 1824 adversarium.
822 1787 1027 1823 Praeterea
1049 1782 1311 1822 adulescentis
1340 1781 1483 1820 nobilis
1502 1787 1522 1819 6

97 1863 134 1896 25
156 1851 313 1889 elabora
350 1858 392 1888 ut
431 1851 577 1888 habeas
614 1852 676 1888 vel
713 1857 756 1888 ut
794 1857 939 1896 teneas,
980 1848 1177 1887 studiosos
1211 1860 1310 1897 quos
1348 1847 1481 1885 habes.

157 1916 331 1953 Multum
365 1915 563 1964 dignitatis
596 1916 782 1953 adferent.
843 1913 1035 1951 Plurimos
1069 1912 1215 1959 habes;
1262 1912 1405 1961 perfice
1443 1917 1486 1948 ut

156 1979 280 2017 sciant
310 1987 500 2029 quantum
530 1979 569 2017 in
601 1979 646 2017 iis
676 1987 789 2029 putes
821 1992 916 2017 esse.
976 1978 1015 2016 Si
1049 1976 1255 2016 adduxeris
1286 1984 1329 2014 ut
1361 1975 1387 2013 ii
1417 1975 1485 2026 qui

155 2046 292 2082 volunt
312 2043 481 2093 cupiant,
504 2044 714 2094 plurimum
736 2045 959 2094 proderunt.

210 2111 269 2147 Ac
308 2111 475 2147 multum
514 2108 631 2147 etiam
669 2108 883 2147 novitatem
921 2116 1029 2146 tuam
1062 2106 1221 2146 adiuvat
1259 2106 1367 2156 quod
1400 2083 1526 2143 eius2

1503 2140 1520 2175 7

204 2224 218 2244 1
238 2214 374 2252 ingenio
388 2218 444 2243 tuo
460 2212 646 2252 lifesenbetg
774 2223 793 2251 3
819 2213 860 2242 de
877 2211 954 2242 add.
974 2214 1042 2242 velt.
1176 2220 1195 2249 5
1216 2210 1338 2241 deinde
1354 2210 1431 2239 vide
1449 2213 1484 2239 ut

158 2257 311 2288 Bd'lzrens
412 2258 433 2285 6
457 2267 524 2286 non
539 2257 632 2286 multi
646 2256 800 2286 homines
812 2256 886 2287 add.
899 2255 1053 2286 Scltwarz
1065 2266 1105 2285 ex
1119 2255 1213 2284 Fam.
1229 2265 1259 2284 V.
1275 2254 1322 2284 18.
1340 2264 1353 2283 1
1448 2263 1459 2282 1
1470 2263 1482 2282 1

159 2301 404 2330 commonendo
433 2300 519 2330 Koclz
534 2311 540 2329 ε
566 2300 833 2330 commendando
851 2299 936 2329 codd.
1030 2308 1077 2337 17,
1098 2299 1135 2328 18
1159 2308 1196 2328 ac
1213 2301 1242 2327 et
1258 2307 1400 2327 numero
1415 2296 1482 2326 secl.

158 2343 317 2373 Biicloeler
387 2344 425 2373 18
444 2343 639 2374 IBzzclzcler:
659 2344 712 2373 hic
726 2343 813 2373 HF:
831 2343 864 2372 hi
876 2342 980 2383 vulga
1001 2343 1075 2372 hice
1088 2341 1240 2371 Bei'lzrens
1310 2350 1349 2378 25
1367 2345 1487 2370 teneas

160 2388 338 2417 studiosos.
382 2387 475 2425 Quos
492 2387 607 2422 habes,
624 2387 762 2416 multum
781 2386 956 2416 Biicheler:
972 2386 1053 2424 fort.
1073 2390 1191 2415 teneas
1203 2394 1286 2423 quos
1299 2384 1404 2413 habes
1418 2388 1487 2413 stu-

161 2431 283 2460 diosos.
312 2430 452 2460 Multum
542 2431 584 2460 28
600 2431 715 2460 volunt
727 2429 902 2460 Bz'iclzeler:
920 2429 1038 2460 nolunt
1055 2428 1141 2459 codd.
1158 2439 1164 2458 :
1183 2438 1250 2458 non
1265 2428 1384 2457 nolunt
1396 2426 1502 2466 vttlg.'

203 2494 266 2516 crc.
287 2495 364 2516 com.
387 2495 494 2517 Ρετιτ.
1382 2481 1403 2511 6
