1871 2782
232 135 285 173 11.
304 134 349 171 vi
666 133 721 169 M.
754 132 922 169 TVLLI
954 132 1260 170 CICERONIS

346 255 413 289 VI
482 257 550 289 Ser.
568 257 698 288 Romae
715 267 823 287 mense
837 256 929 287 Maio
941 257 1043 298 paulo
1054 261 1128 297 post
1142 256 1226 287 Idus
1241 266 1270 288 a.
1290 257 1355 297 698
1374 256 1455 299 (5⁶)-

542 333 734 364 MARCVS
759 333 937 372 QVINTO
964 332 1140 363 FRATRI
1167 331 1395 364 SALVTEM.

267 419 285 447 1
357 412 393 450 O
414 411 558 450 litteras
587 411 682 448 mihi
710 418 794 449 tuas
822 409 1127 448 iucundissimas
1154 416 1408 459 exspectatas,
1430 423 1477 448 ac
1503 410 1631 460 primo

302 474 464 524 quidem
512 488 602 513 cum
645 474 851 521 desiderio,
893 487 999 512 nunc
1037 487 1129 512 vero
1167 474 1286 512 etiam
1325 488 1414 512 cum
1464 475 1631 515 timore!

301 541 434 589 Atque
458 540 527 577 has
557 539 656 577 scito
683 539 827 577 litteras
853 552 916 577 me
946 540 1048 577 solas
1076 538 1276 588 accepis-se
1302 547 1391 589 post
1420 539 1505 578 illas
1534 554 1631 590 quas
1653 552 1669 583 5

302 612 391 642 tuus
413 612 531 642 nauta
551 604 678 642 attulit
699 603 818 642 Olbia
841 605 963 642 datas.
1024 604 1101 642 Sed
1129 612 1266 651 cetera,
1290 612 1332 642 ut
1357 604 1503 652 scribis,
1526 619 1633 656 prae-

302 668 403 707 senti
433 668 603 707 sermoni
633 676 900 716 reserventur3
940 670 1018 706 hoc
1047 675 1179 706 tamen
1210 682 1291 707 non
1321 683 1424 719 queo
1454 669 1631 709 differre:

305 734 442 772 Idibus
466 734 582 771 Maiis
603 741 760 771 senatus
787 735 970 783 frequens
998 732 1153 771 divinus
1180 733 1251 771 fuit
1279 733 1317 771 in
1345 734 1632 784 supplicatione

304 798 476 837 Gabinio
510 799 754 848 deneganda.
813 797 980 836 Adiurat
1015 797 1206 836 Procilius
1241 799 1317 836 hoc
1352 799 1500 838 nemini
1533 801 1633 839 acci-

303 862 416 900 disse.
479 861 587 899 Foris
608 862 721 899 valde
742 861 948 911 plauditur.
1011 860 1113 898 Mihi
1134 875 1225 900 cum
1245 875 1316 900 sua
1337 871 1479 913 sponte
1498 862 1634 902 iucun-
1654 877 1692 899 10

303 928 399 965 dum
427 933 510 964 tum
538 926 757 973 iucundius,
782 927 890 975 quod
918 940 981 964 me
1007 926 1198 974 absente;
1227 935 1285 965 est
1312 928 1418 966 enim
1445 932 1634 980 εἰλικρινὲς

303 991 504 1038 iudicium,
523 990 606 1029 sine
627 990 933 1040 oppugnatione,
952 990 1036 1028 sine
1054 991 1176 1040 gratia
1195 999 1329 1029 nostra
1348 996 1478 1032 †eram
1502 998 1630 1034 ante†.

261 1067 286 1094 2
306 1058 427 1106 Quod
454 1056 591 1094 Idibus
619 1063 656 1094 et
686 1055 874 1106 postridie
903 1057 1027 1094 fuerat
1054 1055 1206 1094 dictum
1233 1057 1284 1095 de
1312 1070 1405 1107 agro
1426 1058 1633 1109 Campano

304 1130 435 1160 actum
458 1121 501 1159 iri
522 1135 602 1159 non
623 1129 681 1159 est
707 1128 850 1159 actum.
913 1122 960 1158 In
985 1122 1060 1158 hac
1088 1135 1206 1159 causa
1232 1121 1329 1159 mihi
1354 1135 1458 1172 aqua
1486 1123 1629 1162 haeret.

305 1189 382 1225 Sed
404 1189 513 1238 plura
537 1201 656 1238 quam
683 1187 988 1235 constitueram3
1016 1201 1148 1225 coram
1172 1187 1288 1225 enirn.
1348 1189 1457 1235 Vale,
1486 1188 1541 1227 mi
1567 1203 1634 1240 op·
1655 1199 1690 1230 15

303 1251 397 1291 time
418 1260 455 1291 et
476 1252 718 1302 optatissime
745 1254 869 1299 frater,
893 1260 931 1290 et
957 1253 1108 1290 advola.
1169 1253 1283 1291 Idem
1309 1259 1348 1291 te
1373 1252 1484 1304 pueri
1510 1254 1633 1293 nostri

303 1326 448 1367 rogant.
511 1319 614 1356 Illud
636 1317 793 1365 scilicet,
817 1317 976 1356 cenabis
998 1331 1088 1356 curn
1108 1317 1270 1356 veneris.

345 1453 437 1488 VII
583 1456 653 1487 Scr.
675 1456 804 1487 Romae
819 1467 926 1487 mense
941 1456 1118 1487 Februario
1134 1467 1164 1488 a.
1187 1457 1248 1497 699
1268 1456 1348 1497 (55).

541 1533 732 1564 MARCVS
756 1533 933 1572 QVINTO
960 1533 1137 1564 FRATRI
1163 1533 1389 1565 SALVTEM.

267 1627 284 1652 1
358 1611 596 1650 Placiturum
617 1611 688 1650 tibi
708 1625 792 1650 esse
812 1611 955 1650 librum
977 1625 1109 1650 meum
1137 1611 1388 1662 suspicabar3
1416 1620 1497 1650 tam
1517 1615 1631 1652 valde
1654 1624 1691 1645 20

302 1676 494 1726 placuisse
519 1690 638 1726 quam
665 1676 800 1715 scribis
831 1678 944 1715 valde
973 1678 1137 1727 gaudeo.
1199 1678 1319 1725 Quod
1350 1691 1412 1715 me
1439 1679 1630 1716 admones

301 1744 351 1781 de
378 1750 510 1781 nostra
530 1742 675 1781 Vrania
695 1744 916 1793 suadesque
943 1751 985 1781 ut
1012 1742 1257 1781 meminerim
1280 1743 1384 1781 Iovis
1412 1744 1630 1782 orationem

301 1820 402 1856 quae
423 1815 480 1845 est
502 1807 541 1844 in
562 1815 736 1845 extremo
757 1807 824 1846 illo
845 1808 955 1854 libro,
971 1821 1044 1857 ego
1059 1821 1151 1846 vero
1172 1807 1333 1845 memini
1353 1816 1391 1846 et
1412 1808 1477 1846 illa
1497 1809 1630 1846 omnia

259 1885 283 1911 2
303 1872 396 1909 mihi
419 1872 539 1921 magis
562 1871 696 1921 scripsi
713 1886 832 1922 quam
849 1872 997 1910 ceteris.
1055 1873 1133 1910 Sed
1154 1880 1285 1910 tamen
1306 1872 1494 1922 postridie
1510 1886 1629 1922 quam

302 1946 342 1975 tu
373 1952 413 1975 es
443 1938 650 1987 profectus,
684 1939 807 1975 multa
841 1945 957 1976 nocte
993 1951 1083 1975 cum
1113 1937 1289 1975 Vibullio
1317 1937 1406 1975 veni
1435 1939 1486 1976 ad
1517 1940 1631 1976 Pom·
1653 1950 1689 1981 25

301 2002 432 2051 peium
449 2016 458 2049 3
487 2016 658 2052 cumque
678 2016 751 2052 ego
771 2002 937 2052 egissem
958 2004 1008 2041 de
1028 2001 1110 2040 istis
1130 2002 1314 2052 operibus
1334 2011 1453 2052 atque
1473 2002 1630 2053 inscrip-

302 2066 484 2114 tionibus,
526 2081 594 2117 per
641 2067 736 2105 mihi
785 2067 954 2117 benigne
999 2067 1210 2118 respondit.
1291 2069 1479 2116 Magnam
1518 2082 1629 2118 spem

343 2173 364 2200 6
389 2173 576 2210 praesentis
606 2171 794 2212 IVesenberg
947 2182 981 2201 11
1009 2176 1060 2201 est
1084 2171 1172 2201 enim
1199 2169 1258 2201 M:
1290 2171 1413 2200 etenim
1442 2170 1629 2201 Mommsen

306 2226 342 2244 12
368 2221 480 2245 nostra
520 2221 598 2246 erat.
656 2216 747 2245 Ante
779 2216 867 2254 quod
904 2214 1092 2244 Mommsen
1109 2226 1115 2244 :
1156 2219 1356 2245 nostrorum.
1408 2213 1499 2244 Ante
1538 2216 1627 2253 quod

304 2259 443 2289 (iurlz'etz
467 2265 581 2289 nostra
596 2259 693 2288 Eram
708 2259 799 2289 Anti.
835 2259 932 2297 Quod
947 2257 1042 2288 Man.
1060 2259 1146 2297 vulg.
1166 2269 1173 2288 z
1195 2262 1310 2287 nostra
1324 2258 1493 2288 daznnant.
1529 2258 1627 2296 Quod

304 2301 437 2341 Madvig
610 2313 645 2341 17
672 2302 805 2332 cenabis
828 2313 901 2332 curn
919 2303 984 2331 tuis
1003 2302 1091 2340 apud
1115 2312 1166 2330 rne
1189 2311 1263 2330 cum
1281 2302 1413 2331 veneris
1430 2300 1628 2337 Lehmann,-

302 2346 366 2374 alt'a
383 2346 504 2375 similia
521 2346 649 2375 addunt
671 2346 730 2375 alsi
823 2356 864 2375 20
889 2345 1006 2374 librum
1024 2355 1134 2374 meum
1154 2343 1231 2374 M²1
1255 2344 1274 2374 l.
1296 2355 1326 2375 u.
1346 2345 1412 2382 usic>
1432 2343 1483 2373 JW
1586 2355 1627 2374 22

303 2394 416 2418 nostra
434 2389 558 2419 Vrania
582 2388 772 2428 Malaspina
795 2389 861 2419 wll.
879 2387 929 2417 De
945 2387 1019 2418 Dt‘v.
1045 2388 1064 2417 i.
1087 2398 1123 2426 17
1141 2398 1207 2426 sqq.
1227 2399 1233 2418 z
1265 2398 1330 2417 non
1350 2389 1498 2418 curantia
1516 2386 1626 2419 MRI:

302 2438 412 2462 nostra
431 2432 495 2472 (vel
510 2442 597 2464 111011.
615 2433 634 2462 i.
644 2443 666 2463 e.
686 2431 997 2471 monumentorum>
1017 2432 1188 2462 curatione
1209 2431 1328 2461 Gurlitt
