1871 2782
383 168 427 204 14
452 163 490 205 56
594 158 1149 197 COMMENTARIOLVM
1182 158 1506 197 PETITIONIS

389 268 498 317 quod
528 266 609 317 agis
644 280 896 318 consequare.
975 270 1025 307 Et
1058 270 1174 318 plane
1213 268 1268 306 sic
1302 269 1501 307 contende
1535 268 1720 307 omnibus

389 331 515 370 nervis
536 345 581 370 ac
602 332 852 371 facultatibus
874 341 915 371 ut
936 333 1201 384 adipiscamur
1221 335 1329 383 quod
1351 333 1531 383 petimus.
1590 333 1721 371 Video

389 398 495 434 nulla
516 410 601 435 esse
622 397 781 436 comitia
798 405 878 436 tam
895 398 1098 448 inquinata
1119 398 1323 448 largitione
1344 397 1487 447 quibus
1508 411 1589 436 non
1605 398 1721 448 gratis

388 460 542 510 aliquae
563 462 762 500 centuriae
782 463 1007 501 renuntient
1038 477 1128 501 suos
1160 476 1303 513 magno
1328 476 1446 513 opere
1466 462 1718 501 necessarios.

331 533 369 568 57
391 526 481 574 Qua
512 540 551 564 re
585 526 616 564 si
647 527 904 577 advigilamus
938 541 1008 578 pro
1042 528 1096 566 rei
1126 528 1314 578 dignitate
1346 535 1383 566 et
1418 527 1449 565 si
1484 534 1637 565 nostros
1671 528 1722 565 ad
1744 543 1759 573 5

390 602 589 628 summum
619 591 794 630 studium
825 590 1074 644 [benevolos]
1095 592 1322 630 excitamus
1356 600 1394 631 et
1428 591 1460 630 si
1494 591 1721 630 hominibus

389 655 574 694 studiosis
606 654 898 708 [gratiosisque]
935 657 1056 695 nostri
1087 671 1202 695 suum
1236 657 1380 707 cuique
1414 670 1557 695 munus
1592 656 1722 695 discri-

390 719 518 758 bimus
540 728 577 758 et
598 720 628 758 si
651 721 975 770 competitoribus
1006 721 1195 760 iudicium
1226 721 1494 771 proponimus,
1518 722 1722 771 sequestri-

390 785 462 821 bus
498 792 646 822 metum
682 784 873 832 inicimus‚
909 785 1096 824 divisores
1131 785 1281 824 ratione
1315 786 1446 836 aliqua
1480 799 1718 833 coercemus,

389 848 522 898 perfici
543 856 672 899 potest
693 857 735 888 ut
755 850 906 900 largitio
926 852 1033 888 nulla
1053 850 1101 888 sit
1120 858 1187 889 aut
1208 851 1305 889 nihil
1325 853 1461 889 valeat.
1745 867 1782 888 10

331 918 370 960 58
445 916 559 952 Haec
580 922 670 952 sunt
691 928 792 964 quae
812 915 945 965 putavi
966 929 1046 953 non
1067 916 1206 954 melius
1233 916 1330 955 scire
1351 930 1414 955 me
1434 930 1553 967 quam
1585 923 1621 954 te
1651 917 1721 955 sed

388 980 538 1018 facilius
570 980 630 1019 bis
665 981 740 1019 tuis
776 981 1103 1032 occupationibus
1134 982 1330 1032 conligere
1361 997 1485 1021 unum
1517 982 1557 1021 in
1588 984 1719 1021 locum

388 1059 503 1095 posse
535 1053 573 1084 et
607 1047 657 1084 ad
690 1054 727 1085 te
756 1047 969 1097 perscripta
999 1047 1162 1086 mittere.
1223 1050 1337 1097 Quae
1367 1047 1522 1086 tametsi
1552 1048 1604 1086 ita
1631 1056 1720 1087 sunt

388 1110 530 1160 scripta
551 1117 593 1148 ut
614 1124 694 1149 non
711 1112 761 1149 ad
779 1111 907 1149 omnis
922 1111 989 1162 qui
1006 1113 1175 1150 honores
1190 1120 1325 1162 petant
1346 1114 1416 1151 sed
1436 1114 1486 1151 ad
1508 1120 1545 1151 te
1566 1113 1720 1164 proprie

388 1182 425 1212 et
463 1176 514 1213 ad
553 1176 654 1213 hanc
693 1175 925 1225 petitionem
964 1184 1072 1214 tuam
1110 1179 1276 1224 valeant,
1313 1184 1446 1216 tamen
1485 1185 1526 1216 tu
1559 1177 1590 1216 si
1624 1178 1719 1228 quid
1745 1190 1778 1221 15

389 1241 622 1278 mutandum
643 1254 728 1279 esse
748 1241 944 1280 videbitur
963 1250 1030 1280 aut
1051 1242 1215 1280 omnino
1235 1244 1456 1281 tollendum
1485 1250 1552 1281 aut
1573 1243 1603 1281 si
1624 1243 1719 1293 quid

388 1304 458 1342 erit
496 1304 747 1354 praeteritum
786 1305 901 1344 velim
941 1307 1017 1344 hoc
1056 1306 1152 1344 mihi
1191 1306 1326 1353 dicas;
1369 1309 1459 1345 volo
1498 1307 1603 1346 enim
1643 1309 1718 1347 hoc

387 1370 755 1408 commentariolum
782 1370 981 1421 petitionis
1006 1371 1141 1411 haberi
1171 1371 1279 1409 omni
1310 1371 1459 1410 ratione
1488 1374 1715 1422 perfectum.

431 1473 460 1509 6,
480 1483 497 1511 7
522 1472 707 1504 benevolos
731 1477 758 1503 ct
779 1474 1001 1512 gratiosisque
1022 1474 1088 1505 secl.
1108 1474 1266 1504 Bra-'zeler-
1406 1485 1424 1514 7
1449 1476 1606 1506 studiosis
1623 1476 1694 1508 dell.
1712 1489 1718 1507 ε

387 1515 507 1546 studiis
534 1516 603 1546 FH
690 1516 900 1547 discribimus
929 1517 988 1548 H:
1013 1518 1233 1548 describimus
1257 1517 1373 1549 Fdeft.
1509 1529 1547 1550 10
1571 1524 1627 1549 aut
1645 1524 1719 1550 aule

387 1559 478 1589 nulla
494 1558 569 1589 add.
588 1558 671 1599 Lag.
693 1569 736 1598 50
817 1561 859 1590 sit
876 1561 1049 1593 Bz'iclzelcr:
1080 1561 1115 1591 fit
1134 1561 1302 1601 (superscr.
1321 1566 1369 1592 -at
1385 1560 1439 1603 H)
1456 1561 1541 1595 FH:
1571 1563 1627 1594 fiat
1644 1563 1714 1595 dett.

391 1612 428 1633 12
451 1602 518 1643 his]
536 1602 608 1634 istis
625 1602 707 1644 Lag.
728 1613 770 1644 50
788 1603 905 1636 Lamb.
1045 1614 1097 1645 15,
1115 1606 1152 1636 16
1176 1610 1210 1636 tu
1227 1609 1256 1636 et
1271 1615 1347 1636 esse
1364 1616 1428 1637 om.
1449 1605 1490 1636 H
