1871 2782
431 170 542 206 EPP.
575 169 652 205 AD
683 169 949 217 QVINTVM
982 170 1254 206 FRATREM
1458 168 1590 205 11.vii

175 279 328 323 attulit;
366 293 457 318 cum
487 281 629 319 Crasso
659 292 699 317 se
729 278 824 317 dixit
853 279 961 328 loqui
990 280 1089 317 velle
1119 279 1293 329 mihique
1324 286 1363 317 ut
1394 278 1498 316 idem

176 346 343 383 facerem
386 344 514 382 suasit.
593 345 777 383 Crassum
818 345 1022 382 consulem
1065 357 1111 381 ex
1154 351 1291 381 senatu
1334 344 1498 381 domum

176 409 320 447 reduxi.
391 408 568 458 Suscepit
610 421 691 446 rem
729 406 904 457 dixitque
947 420 1031 445 esse
1073 408 1182 457 quod
1221 406 1385 446 Clodius
1423 408 1499 444 hoc

176 482 352 523 tempore
373 480 530 523 cuperet
557 486 625 522 per
647 485 688 510 se
713 479 750 510 et
775 485 842 521 per
863 471 1096 522 Pompeium
1122 472 1335 521 consequi;
1364 479 1500 520 putare

138 550 155 580 5
177 552 228 584 sc,
251 538 281 575 si
302 551 375 587 ego
395 551 485 576 eum
506 551 586 575 non
614 536 856 587 impedirem,
879 550 995 587 posse
1022 550 1084 574 me
1111 536 1275 586 adipisci
1302 536 1384 574 sine
1412 549 1501 573 con-

120 877 158 899 10

122 1527 163 1549 20

176 603 351 641 tentione
372 604 479 653 quod
499 604 650 641 vellem.
711 604 858 640 Totum
883 601 918 640 ei
948 602 1150 651 negotium
1178 601 1335 651 permisi
1360 614 1502 650 meque

177 669 217 706 in
233 668 315 706 eius
336 675 529 718 potestate
545 667 624 706 dixi
640 669 732 706 fore.
785 667 965 705 Interfuit
981 666 1073 704 huic
1089 666 1259 705 sermoni
1281 668 1322 704 P.
1339 667 1502 705 Crassus

175 735 407 771 adulescens
428 732 559 778 nostri,
576 740 618 770 ut
638 732 723 778 scis,
747 731 1065 770 studiosissimus.
1118 732 1221 769 Illud
1242 738 1373 768 autem
1395 731 1503 780 quod

176 798 283 848 cupit
305 798 469 837 Clodius
491 805 548 836 est
577 797 718 847 legatio
737 797 868 847 aliqua
897 797 944 847 (si
972 796 1101 834 minus
1127 810 1196 846 per
1222 803 1413 842 senatum,
1436 809 1504 845 per

177 862 384 913 populum)
425 863 545 900 libera
582 870 649 900 aut
689 862 919 912 Byzantium
957 869 1025 900 aut
1063 863 1118 899 ad
1154 861 1398 911 Brogitarum
1436 868 1503 898 aut

177 935 395 976 utrumque.
458 928 579 965 Plena
599 941 658 965 res
678 940 941 964 nummorum.
1002 927 1123 975 Quod
1143 939 1216 976 ego
1236 939 1317 964 non
1337 925 1503 963 nimium

177 992 324 1038 laboro,
358 991 474 1029 etiam
506 991 537 1029 si
577 991 705 1029 minus
743 993 939 1042 adsequor
971 993 1080 1041 quod
1118 993 1218 1030 volo.
1292 990 1503 1040 Pompeius

178 1065 309 1094 tamen
334 1070 425 1094 cum
447 1057 588 1095 Crasso
616 1058 769 1094 locutus
797 1064 864 1094 est.
923 1056 1118 1094 Videntur
1146 1055 1347 1106 negotium
1377 1068 1503 1093 susce-

178 1120 291 1170 pisse.
350 1120 389 1159 Si
416 1121 633 1171 perficiunt,
655 1121 803 1170 optime
818 1136 827 1168 3
862 1121 892 1158 si
920 1121 1059 1168 minus,
1082 1122 1132 1159 ad
1159 1129 1336 1159 nostrum
1365 1122 1501 1159 Iovem

178 1193 423 1224 revertamur.

231 1254 278 1289 A.
310 1253 346 1289 d.
380 1263 425 1288 111
458 1252 553 1289 Idus
586 1251 696 1289 Febr.
731 1258 887 1289 senatus
921 1252 1145 1289 consultum
1179 1258 1237 1290 est
1270 1252 1416 1289 factum
1451 1251 1500 1289 de
1520 1260 1544 1297 3

177 1315 327 1354 ambitu
371 1315 411 1353 in
451 1315 587 1353 Afrani
630 1316 875 1362 sententiam,
921 1329 1039 1366 quarn
1083 1330 1155 1366 ego
1196 1316 1368 1354 dixeram
1411 1329 1502 1353 curn

179 1390 220 1419 tu
266 1382 448 1428 adesses;
500 1382 569 1419 sed
613 1394 756 1430 magno
798 1395 889 1419 cum
932 1380 1078 1430 gemitu
1122 1389 1280 1420 senatus
1323 1382 1504 1419 consules

180 1459 260 1483 non
300 1453 390 1484 sunt
430 1445 623 1495 persecuti
662 1460 798 1484 eorum
838 1445 1050 1484 sententias
1093 1446 1171 1496 qui,
1213 1446 1374 1484 Afranio
1414 1459 1503 1484 cum

181 1518 310 1548 essent
343 1510 509 1558 adsensi,
543 1510 781 1549 addiderunt
812 1518 854 1548 ut
887 1519 1083 1561 praetores
1122 1511 1175 1549 ita
1213 1518 1434 1549 crearentur
1464 1518 1506 1549 ut

180 1575 264 1614 dies
294 1575 492 1625 sexaginta
520 1575 657 1625 privati
687 1583 827 1614 essent.
890 1578 950 1614 Eo
983 1576 1048 1614 die
1078 1577 1272 1615 Catonem
1307 1577 1423 1626 plane
1454 1590 1507 1614 re-

180 1639 400 1690 pudiarunt.
461 1640 569 1689 Quid
609 1642 762 1679 multa?
802 1648 936 1679 tenent
968 1641 1100 1679 omnia
1133 1640 1255 1691 idque
1288 1640 1340 1679 ita
1378 1640 1505 1679 omnis

180 1707 403 1757 intellegere
424 1709 570 1746 volunt.

223 1807 340 1842 VIII
573 1811 642 1843 Ser.
662 1822 768 1843 mense
785 1811 877 1843 Maio
893 1823 924 1844 a.
946 1813 1008 1853 699
1029 1813 1102 1853 (55).

419 1881 608 1913 MARCVS
633 1882 807 1922 QVINTO
836 1883 1010 1914 FRATRI
1037 1881 1262 1914 SALVTEM.

237 1955 299 1991 Tu
317 1953 457 1991 metuis
478 1967 527 1992 ne
544 1967 606 1992 me
623 1954 843 2004 interpelles
858 1956 874 1992 ?
922 1953 1107 2000 Primum,
1125 1953 1155 1991 si
1170 1953 1208 1990 in
1225 1952 1299 1991 isto
1313 1966 1449 1999 essem,
1466 1960 1507 1991 tu
1527 1966 1543 1992 1

183 2017 256 2056 scis
284 2018 379 2068 quid
406 2018 454 2056 sit
481 2018 735 2068 interpellare.
794 2021 859 2057 An
880 2027 917 2057 te
945 2019 1118 2058 Statius?
1147 2032 1210 2057 me
1234 2020 1392 2057 hercule
1413 2018 1508 2057 mihi

183 2084 325 2121 docere
345 2083 486 2121 videris
512 2082 620 2121 istius
644 2083 795 2133 generis
823 2083 1120 2130 humanitatem,
1143 2097 1221 2133 qua
1247 2083 1408 2133 quidem
1435 2097 1508 2133 ego

183 2147 279 2185 nihil
301 2155 388 2185 utor
407 2148 478 2186 abs
499 2155 547 2186 te.
607 2149 669 2185 Tu
690 2161 782 2186 vero
802 2155 844 2186 ut
870 2162 932 2186 me
959 2156 997 2186 et
1023 2150 1195 2199 appelles
1223 2156 1261 2187 et
1287 2148 1508 2199 interpelles

226 2262 245 2288 4
270 2254 342 2280 ante
358 2260 419 2289 per
434 2261 470 2280 se
487 2250 557 2280 add
571 2256 603 2281 et
620 2251 737 2281 Kalmt
835 2261 875 2282 10
897 2252 939 2281 ad
957 2251 1031 2282 add.
1053 2251 1144 2282 Man.
1240 2262 1276 2290 17
1299 2249 1414 2291 quam]
1432 2262 1509 2282 con-

183 2298 234 2323 tra
245 2304 342 2333 quam
354 2293 477 2324 Sclziilz
489 2294 628 2329 Mallem
644 2295 695 2324 ln'c
702 2295 811 2325 conicit
822 2306 920 2333 quam
937 2306 1000 2333 ego
1011 2295 1232 2325 dissuaseram
1247 2301 1318 2335 (pro
1328 2296 1505 2334 dixeram).

183 2336 250 2366 Sed
258 2347 354 2375 quam
369 2348 431 2376 ego
443 2338 591 2368 dixeram
605 2338 686 2367 m'lu‘l
697 2338 792 2368 aliud
802 2339 928 2368 videtur
937 2348 1001 2368 esse
1011 2349 1112 2378 quam
1124 2339 1230 2368 ‘cuius
1244 2349 1301 2378 ego
1313 2340 1508 2369 menlt'onem

184 2380 411 2418 tibiseceram’
567 2392 608 2410 22
633 2382 677 2412 ita
695 2392 770 2412 esse
788 2381 878 2412 Koclz
1047 2392 1086 2420 27
1113 2382 1353 2421 interpellare}²
1391 2382 1512 2421 Tyrrell

183 2423 238 2453 An
256 2428 288 2453 te
303 2424 449 2455 Statius?
475 2423 592 2455 Lamb.
611 2436 618 2455 t
642 2430 720 2455 ante
733 2430 798 2455 ate
815 2425 842 2454 is
856 2424 914 2455 M:
938 2425 1040 2455 Ante
1053 2424 1195 2457 Ateius?
1220 2425 1305 2465 vulg.
1324 2436 1330 2456 :
1354 2425 1510 2456 Antiates

184 2466 322 2507 Madvig
453 2469 493 2498 28
517 2468 642 2498 videris
658 2467 777 2500 Lamb.
798 2480 805 2499 :
828 2469 958 2498 videbis
975 2468 1015 2498 M
