1871 2782
232 146 261 182 Ι.
280 145 373 182 xvii
691 146 745 182 M.
779 145 946 182 TVLLI
979 145 1286 184 CICERONIS

320 254 451 293 viendi
472 268 550 305 qua
570 256 774 302 deterrear,
799 255 977 305 quamvis
999 255 1046 293 sit
1066 255 1122 293 vir
1147 255 1286 302 bonus,
1309 262 1353 294 ut
1377 255 1526 304 scribis,
1549 259 1653 297 †An-

321 318 476 360 tonius†
491 334 501 367 3
529 321 638 369 quod
654 333 727 370 ego
748 334 966 370 numquam
988 320 1214 358 existimavi.
1272 321 1350 359 Sed
1371 320 1580 359 dominum
1601 335 1651 359 ne

321 391 524 433 parentem
545 384 707 434 quidem
729 384 896 423 maiores
918 385 1040 423 nostri
1061 387 1269 423 voluerunt
1290 399 1386 423 esse.

375 450 434 487 Te
455 448 529 487 nisi
549 457 702 487 tantum
722 463 896 488 amarem
917 457 1110 500 quantum
1134 449 1316 489 Ciceroni
1341 463 1570 500 persuasum
1592 458 1651 489 est

321 513 429 563 diligi
448 514 499 551 ab
521 513 699 561 Octavio,
723 515 821 553 haec
847 516 898 553 ad
919 522 957 553 te
981 528 1062 553 non
1093 514 1346 564 scripsissem.
1407 516 1527 553 Dolet
1554 515 1651 553 mihi
1672 522 1689 553 5

321 579 429 627 quod
456 585 497 616 tu
524 593 631 617 nunc
660 579 916 617 stomacharis
945 579 1237 617 amantissimus
1267 593 1358 617 cum
1388 586 1545 617 tuorum
1572 594 1652 618 om-

320 643 430 681 nium
451 651 535 681 tum
557 643 786 691 Ciceronis3
814 644 885 681 sed
905 645 1097 693 persuade
1118 643 1188 681 tibi
1210 644 1259 681 de
1274 644 1477 681 voluntate
1496 643 1653 693 propria

320 722 408 747 mea
427 708 524 746 nihil
545 722 630 747 esse
657 708 874 755 remissum,
897 710 948 746 de
975 707 1122 746 iudicio
1151 707 1314 756 largiter.
1374 709 1516 757 Neque
1546 708 1652 746 enim

319 774 518 824 impetrari
538 782 668 824 potest
688 774 784 824 quin
805 775 921 823 quale
948 772 1124 823 quidque
1145 773 1322 811 videatur
1349 772 1384 811 ei
1411 774 1529 811 talem
1551 773 1653 823 quis-

319 852 397 888 que
417 840 467 877 de
488 838 554 877 illo
575 838 804 889 opinionem
824 839 978 877 habeat.
1674 845 1713 867 10

277 909 300 947 7
373 905 529 942 Vellem
557 903 654 941 mihi
682 903 901 954 scripsisses
927 917 1028 953 quae
1058 903 1315 942 condiciones
1345 911 1476 942 essent
1497 903 1652 942 Atticae

320 976 476 1007 nostrae
492 983 502 1017 ;
530 968 748 1019 potuissem
778 968 927 1018 aliquid
957 968 1028 1007 tibi
1055 970 1105 1007 de
1134 983 1225 1007 meo
1252 983 1369 1007 sensu
1399 969 1648 1019 perscribere.

320 1033 601 1073 Valetudinem
641 1033 803 1072 Porciae
842 1047 953 1072 meae
992 1033 1063 1071 tibi
1102 1047 1217 1072 curae
1264 1048 1350 1072 esse
1391 1048 1472 1072 non
1521 1034 1648 1073 miror.

322 1098 507 1149 Denique
542 1100 651 1149 quod
685 1098 785 1148 petis
816 1098 958 1136 faciam
992 1098 1159 1137 libenter
1175 1114 1184 1146 3
1224 1113 1316 1137 nam
1348 1099 1467 1138 etiam
1499 1113 1651 1139 sorores

320 1177 383 1202 me
412 1171 560 1214 rogant.
622 1166 671 1202 Et
701 1163 903 1202 hominem
935 1177 1033 1203 noro
1062 1171 1100 1202 et
1131 1164 1227 1214 quid
1257 1163 1331 1202 sibi
1360 1164 1535 1203 voluerit.
1673 1170 1710 1202 Ῐ5

363 1298 522 1333 XVIII
655 1300 723 1333 Ser.
745 1301 875 1332 Romae
889 1302 923 1332 vi
936 1302 979 1332 K.
998 1301 1087 1333 Sext.
1109 1313 1140 1333 a.
1165 1312 1218 1341 711
1241 1302 1318 1343 (45).

742 1378 918 1409 CICERO
944 1378 1101 1409 BRVTO
1127 1378 1224 1410 SAL.

281 1465 299 1491 1
373 1456 476 1496 Cum
506 1469 623 1505 saepe
653 1462 690 1494 te
720 1455 855 1494 litteris
887 1457 1064 1494 hortatus
1096 1470 1222 1495 essem
1252 1464 1295 1495 ut
1327 1470 1445 1507 quam
1480 1457 1650 1507 primum

317 1519 371 1558 rei
398 1520 579 1570 publicae
604 1520 832 1559 subvenires
860 1520 899 1558 in
931 1521 1167 1571 Italiamque
1194 1521 1406 1560 exercitum
1432 1523 1651 1560 adduceres

316 1598 446 1634 neque
475 1584 515 1623 id
544 1585 748 1623 arbitrarer
777 1585 956 1624 dubitare
986 1593 1074 1624 tuos
1101 1586 1353 1632 necessarios,
1377 1594 1533 1636 rogatus
1563 1600 1649 1624 sum
1671 1602 1711 1623 20

316 1663 339 1688 a
365 1649 668 1699 prudentissima
698 1657 736 1688 et
765 1650 1064 1701 diligentissima
1093 1651 1249 1698 femina,
1280 1659 1402 1689 matre
1432 1659 1508 1698 tua,
1538 1651 1649 1690 cuius

317 1728 455 1752 omnes
476 1728 592 1753 curae
611 1715 662 1753 ad
683 1722 721 1753 te
742 1717 959 1753 referuntur
979 1723 1017 1754 et
1044 1715 1084 1753 in
1106 1723 1143 1754 te
1164 1724 1461 1763 consumuntur,
1485 1724 1526 1754 ut
1546 1716 1650 1754 veni-

317 1793 398 1818 rem
418 1780 469 1818 ad
491 1793 532 1818 se
551 1793 584 1817 a.
603 1781 640 1817 d.
664 1792 738 1817 V111
763 1782 850 1818 Kal.
874 1780 1038 1819 Sextilis.
1099 1782 1220 1829 Quod
1241 1794 1324 1830 ego,
1348 1788 1390 1819 ut
1411 1781 1543 1828 debui,
1566 1781 1651 1820 sine

318 1857 428 1882 mora
448 1843 531 1882 feci.
592 1845 695 1883 Cum
716 1852 847 1883 autem
869 1845 1078 1893 venissem,
1095 1847 1222 1885 Casca
1241 1847 1375 1884 aderat
1396 1853 1433 1884 et
1455 1847 1591 1885 Labeo
1613 1855 1651 1886 et

319 1910 509 1960 Scaptius.
569 1911 622 1948 At
652 1910 717 1948 illa
743 1911 888 1948 rettulit
913 1910 1183 1961 quaesivitque
1207 1911 1398 1961 quidnam
1426 1911 1523 1949 mihi
1547 1911 1649 1950 vide·
1672 1927 1709 1957 25

319 1982 432 2022 retur,
455 1988 793 2013 arcesseremusne
813 1983 851 2013 te
871 1983 989 2025 atque
1010 1975 1050 2014 id
1075 1975 1145 2013 tibi
1174 1977 1396 2014 conducere
1423 1983 1649 2026 putaremus

276 2051 300 2077 2
319 2053 368 2078 an
390 2041 541 2078 tardare
561 2047 599 2078 et
620 2039 854 2078 commorari
875 2047 912 2078 te
934 2040 1073 2078 melius
1094 2048 1206 2078 esset.
1251 2040 1458 2090 Respondi
1479 2040 1519 2079 id
1540 2043 1648 2090 quod

319 2104 549 2152 sentiebam,
572 2113 610 2143 et
631 2104 810 2155 dignitati
831 2112 869 2143 et
889 2105 1166 2144 existimationi
1189 2113 1277 2143 tuae
1306 2105 1474 2144 maxime
1501 2108 1649 2144 condu-

319 2184 405 2208 cere
432 2177 470 2208 te
496 2170 624 2220 primo
651 2183 811 2219 quoque
840 2177 1018 2219 tempore
1045 2171 1142 2208 ferre
1169 2170 1406 2220 praesidium
1434 2171 1581 2209 labenti
1609 2179 1647 2209 et

319 2235 528 2273 inclinatae
559 2249 685 2285 paene
720 2235 773 2272 rei
804 2234 997 2285 publicae.
1058 2234 1167 2283 Quid
1199 2235 1304 2273 enim
1339 2236 1478 2274 abesse
1510 2250 1647 2275 censes
1667 2249 1709 2279 30
1859 2247 1862 2267 ⁸

366 2350 378 2369 1
405 2344 464 2370 aul
477 2340 646 2370 Antonius
663 2339 834 2370 delendum
850 2350 914 2369 csse
928 2344 988 2370 (ml
1004 2341 1157 2370 dominus
1175 2340 1225 2370 vel
1238 2340 1399 2371 Octavius
1418 2340 1468 2370 (ut
1485 2340 1647 2377 Tunstall)

320 2383 490 2422 legendnm
509 2384 586 2413 coni.
611 2383 798 2422 chsenlmrg
812 2394 818 2412 ε
833 2383 913 2420 fm't.
932 2384 1017 2414 alter
1034 2383 1201 2414 Antonius
1319 2393 1338 2423 5
1363 2384 1456 2424 diligi
1474 2394 1510 2414 sc
1527 2383 1646 2415 Lamb.

321 2437 359 2465 27
385 2431 418 2457 ct
435 2431 503 2458 velt.
523 2438 529 2456 τ
555 2437 596 2457 an
615 2426 704 2458 codd.
723 2438 729 2457 z
754 2437 791 2457 ac
805 2426 917 2457 Baiter
