1871 2782
417 187 528 224 EPP.
560 187 638 224 AD
669 186 935 235 QVINTVM
967 186 1239 225 FRATREM
1444 187 1474 224 1.
1492 185 1524 222 ii

207 326 255 360 II
321 327 390 360 Scr.
410 327 540 360 Romae
555 328 638 360 inter
651 328 710 359 viii
721 328 763 359 K.
783 327 867 359 Nov.
888 331 917 359 et
931 329 962 359 iv
976 328 1026 360 Id.
1045 328 1118 361 Dec.
1135 338 1165 360 a.
1188 329 1246 370 695
1264 327 1345 370 (59)

520 404 711 436 MARCVS
736 404 914 444 QVINTO
941 404 1128 437 FRATRI.

219 481 363 521 Statius
398 484 449 521 ad
478 496 542 521 me
568 481 675 521 venit
708 495 739 520 a.
770 482 806 520 d.
838 493 912 520 vm
944 484 993 520 K.
1027 482 1240 522 Novembr.
1301 482 1396 521 Eius
1424 455 1525 538 adr}

164 554 316 595 ventus,
347 548 456 597 quod
487 546 541 585 ita
573 546 759 597 scripsisti
790 546 988 596 direptum
1022 546 1066 584 iri
1101 554 1138 586 te
1169 561 1192 586 a
1223 548 1299 587 tuis
1328 550 1423 587 dum
1458 548 1490 586 is

127 620 144 651 5
163 611 329 658 abesset,
366 613 554 650 molestus
586 610 684 648 mihi
716 610 811 658 fuit3
851 611 960 660 quod
993 618 1125 649 autem
1157 613 1490 661 exspectationem

165 675 221 713 tui
241 689 559 725 concursumque
579 689 670 714 eum
691 675 760 725 qui
783 683 864 714 erat
884 676 1035 713 futurus
1060 675 1091 714 si
1118 689 1196 714 una
1222 684 1352 715 tecum
1380 679 1493 717 dece-

164 742 273 779 deret
302 755 431 791 neque
454 750 571 779 antea
594 740 699 779 visus
726 748 828 779 esset
855 740 1020 787 sustulit,
1048 740 1088 778 id
1115 741 1211 779 mihi
1238 755 1318 780 non
1345 742 1493 782 incom-

165 807 284 844 mode
323 805 450 844 visum
488 813 546 844 est
584 805 783 844 accidisse.
863 806 1085 843 Exhaustus
1124 813 1182 844 est
1220 806 1325 845 enim
1364 820 1493 846 sermo

165 868 374 907 hominum
405 877 445 908 et
470 871 617 908 multae
649 869 813 908 emissae
843 869 919 908 iam
952 870 1034 908 eius
1069 870 1178 909 modi
1204 884 1344 910 voces:
1382 873 1492 911 ιἀλλ’

107 948 148 971 10
165 935 239 973 αἰεί
262 952 343 974 τινα
371 939 478 986 φῶτα
505 937 648 989 μέγαν,’
667 949 768 985 quae
792 942 830 974 te
856 936 1019 973 absente
1049 936 1228 973 confecta
1248 949 1332 975 esse
1358 938 1491 977 laetor.

167 1000 289 1048 Quod
307 1009 441 1040 autem
466 1001 613 1040 idcirco
640 1015 663 1039 a
685 1008 723 1039 te
750 1000 891 1039 missus
913 1007 970 1039 est
991 1000 1087 1038 mihi
1107 1007 1149 1038 ut
1173 1013 1214 1039 se
1239 1010 1430 1051 purgaret,
1453 1003 1491 1042 id
1515 1018 1529 1039 2

165 1078 328 1103 necesse
361 1065 524 1103 minime
558 1065 639 1103 fuit.
701 1064 876 1102 Primum
908 1064 1014 1103 enim
1048 1078 1266 1114 numquam
1299 1065 1363 1104 ille
1397 1067 1493 1105 mihi

165 1128 237 1166 fuit
264 1137 469 1179 suspectus
489 1143 620 1179 neque
646 1142 729 1179 ego,
752 1142 854 1179 quae
879 1129 930 1166 ad
957 1135 995 1166 te
1021 1129 1071 1166 de
1095 1128 1162 1166 illo
1189 1128 1334 1178 scripsi,
1360 1131 1494 1182 scripsi

165 1206 257 1231 meo
281 1192 440 1240 iudicio,
467 1195 537 1232 sed
561 1207 653 1231 cum
682 1192 780 1231 ratio
808 1194 990 1242 salusque
1017 1192 1195 1230 omnium
1222 1201 1399 1232 nostrum
1427 1197 1494 1245 qui

108 1271 145 1302 15
165 1258 216 1296 ad
243 1271 324 1296 rem
349 1256 550 1308 publicam
573 1256 800 1295 accedimus
830 1270 911 1295 non
938 1256 1098 1295 veritate
1126 1258 1253 1295 solum
1280 1260 1350 1297 sed
1377 1259 1494 1298 etiam

165 1322 270 1359 fama
298 1321 495 1367 niteretur,
528 1335 729 1360 sermones
758 1321 810 1359 ad
839 1327 877 1359 te
906 1320 1070 1359 aliorum
1101 1334 1264 1371 semper,
1296 1337 1378 1362 non
1407 1337 1495 1364 mea

165 1385 312 1425 iudicia
340 1386 557 1437 perscripsi.
618 1386 699 1435 Qui
723 1386 884 1436 quidem
912 1399 1031 1436 quarn
1053 1388 1276 1436 frequentes
1300 1396 1431 1429 essent
1456 1397 1494 1428 et

165 1466 285 1503 quam
315 1465 450 1502 graves
487 1453 661 1491 adventu
691 1466 763 1490 suo
798 1451 942 1490 Statius
977 1451 1060 1502 ipse
1093 1453 1301 1502 cognovit,
1348 1453 1492 1493 etenim

165 1517 372 1556 intervenit
398 1530 481 1556 non
500 1518 699 1555 nullorum
719 1516 887 1567 querelis
912 1529 1013 1566 quae
1037 1518 1143 1566 apud
1163 1531 1227 1556 me
1251 1519 1301 1556 de
1321 1518 1388 1558 illo
1408 1518 1494 1570 ipso

107 1597 146 1618 20
165 1582 422 1629 habebantur,
446 1589 485 1620 et
508 1581 651 1620 sentire
677 1581 806 1632 potuit
832 1594 1032 1620 sermones
1063 1580 1286 1631 iniquorum
1314 1581 1354 1620 in
1377 1596 1492 1621 suum

165 1647 414 1698 potissimum
448 1661 598 1686 nomen
630 1661 844 1697 erumpere.
905 1647 1026 1695 Quod
1060 1654 1192 1686 autem
1227 1661 1291 1686 me
1324 1647 1491 1687 maxime
1510 1666 1528 1696 3

166 1726 323 1751 movere
352 1713 516 1759 solebat,
547 1726 639 1750 cum
667 1711 880 1750 audiebam
910 1711 1020 1749 illum
1050 1712 1138 1761 plus
1176 1713 1282 1762 apud
1310 1719 1348 1751 te
1376 1726 1492 1763 posse

165 1790 284 1826 quam
304 1776 470 1827 gravitas
490 1775 601 1815 istius
624 1775 772 1822 aetatis,
795 1774 943 1825 imperi,
967 1774 1198 1825 prudentiae
1224 1778 1492 1826 postularet-—

165 1855 284 1891 quarn
314 1843 459 1880 multos
488 1841 595 1880 enim
622 1854 779 1879 mecum
810 1840 934 1890 egisse
962 1847 1075 1889 putas
1104 1847 1146 1877 ut
1173 1853 1214 1878 se
1241 1840 1364 1880 Statio
1388 1854 1492 1880 com-

108 1919 145 1951 25
166 1907 403 1952 mendarem,
438 1919 557 1956 quam
597 1907 721 1942 multa
754 1912 885 1942 autem
920 1903 1049 1954 ipsum
1085 1906 1232 1952 ἀφελῶς
1266 1918 1420 1943 mecum
1451 1905 1491 1944 in

165 1984 346 2008 sermone
372 1970 426 2007 ita
449 1969 628 2019 posuisse
647 1984 654 2007 :
688 1973 696 1989 ‘
713 1970 761 2007 Id
787 1968 883 2006 mihi
905 1982 986 2006 non
1008 1968 1178 2018 placuit,¹
1208 1968 1355 2015 monui,
1374 1969 1487 2016 suasi,

165 2034 378 2073 deterrui'!
438 2033 593 2082 Quibus
623 2033 662 2070 in
692 2033 808 2071 rebus
837 2032 955 2071 etiam
985 2032 1017 2069 si
1044 2032 1210 2071 fidelitas
1239 2046 1393 2072 summa
1419 2042 1487 2080 est,

165 2098 291 2150 (quod
318 2111 475 2148 prorsus
496 2098 614 2135 credo
635 2096 823 2147 quoniam
844 2104 886 2135 tu
906 2096 960 2135 ita
979 2096 1158 2149 iudicas),
1181 2104 1313 2136 tamen
1340 2098 1490 2148 species

166 2163 250 2214 ipsa
269 2170 348 2200 tam
369 2161 526 2212 gratiosi
546 2161 674 2200 liberti
697 2169 764 2200 aut
792 2161 889 2199 servi
914 2161 1144 2211 dignitatem
1170 2162 1315 2200 habere.
1341 2164 1489 2201 nullam

107 2242 147 2272 30
166 2234 304 2277 potest.
373 2229 506 2276 Atque
544 2227 620 2265 hoc
659 2226 714 2264 sic
752 2226 897 2264 habeto
936 2224 1049 2276 (nihil
1088 2226 1194 2264 enim
1232 2240 1305 2265 nec
1344 2234 1490 2266 temere

211 2342 230 2361 2
254 2341 329 2364 SAL.
345 2330 420 2362 add.
445 2329 633 2370 Wesenberg
699 2341 718 2368 4
742 2330 780 2360 iri
799 2330 872 2361 M2:
899 2331 960 2360 erit
973 2329 1024 2361 M1
1043 2342 1049 2361 :
1073 2341 1147 2361 esse
1164 2330 1184 2360 I
1247 2332 1268 2360 6
1291 2331 1338 2361 tui
1356 2330 1417 2360 M:
1439 2331 1490 2361 sui

167 2374 289 2404 Schmz
378 2383 411 2403 11
439 2374 539 2412 Quod
556 2374 582 2404 si
599 2379 710 2404 autem
726 2373 793 2404 cod.
811 2373 941 2404 Balliol.
1033 2384 1074 2412 23
1099 2374 1194 2404 istius
1214 2373 1290 2404 Vict.
1309 2385 1317 2405 z
1349 2373 1438 2404 illius
1453 2374 1494 2403 M

168 2417 347 2456 prudentia
373 2416 474 2446 Orelli
684 2427 725 2456 25
749 2417 875 2456 ἀφελῶς
891 2416 912 2446 I
928 2420 1015 2447 (leste
1033 2416 1232 2457 Wesenbetg)
1251 2429 1257 2448 z
1280 2417 1430 2458 ἀσφαλῶς
1452 2417 1493 2447 Μ

168 2462 210 2491 26
235 2460 387 2500 posuisse
404 2459 601 2500 Nipperdey:
625 2461 805 2500 protulisse
821 2461 843 2492 I
851 2460 986 2491 Baiter:
1010 2461 1159 2500 potuisse
1176 2459 1218 2490 M

1365 2504 1407 2535 2*
