1871 2782
237 129 267 168 Ι.
289 129 334 166 iii
654 129 711 166 M.
742 129 910 168 TVLLI
942 129 1249 169 CICERONIS

287 239 408 277 modo
434 238 555 288 potui,
579 237 715 289 scripsi
736 246 774 278 et
793 239 887 278 dedi
907 239 1053 278 litteras
1079 241 1130 278 ad
1157 246 1195 278 te
1222 239 1455 290 Philogono,
1478 240 1619 281 liberto

287 311 365 349 tuo,
389 316 486 353 quas
513 304 633 342 credo
659 303 730 342 tibi
759 311 898 354 postea
923 304 1097 343 redditas
1127 318 1213 343 esse
1227 319 1238 353 3
1267 304 1307 342 in
1337 305 1481 355 quibus
1510 305 1618 344 idem

287 376 324 406 te
345 369 478 406 hortor
498 376 536 407 et
557 382 662 419 rogo,
685 370 794 419 quod
814 369 924 420 pueri
945 369 1016 408 tibi
1040 369 1168 409 verbis
1194 369 1291 408 meis
1312 370 1553 418 nuntiarunt,
1576 378 1620 409 ut

287 435 459 472 Romam
485 433 663 484 protinus
687 447 823 484 pergas
854 442 892 473 et
920 447 1115 485 properes,
1176 434 1352 473 Primum
1376 434 1484 473 enim
1510 442 1549 474 te
1577 436 1619 474 in

285 498 481 548 praesidio
508 512 593 538 esse
623 499 740 547 volui,
777 499 809 537 si
840 498 907 550 qui
939 507 1071 538 essent
1102 499 1251 538 inimici
1282 513 1451 550 quorum
1485 501 1655 542 crude-5

286 563 372 601 litas
402 565 581 603 nondum
608 571 710 603 esset
739 572 872 603 nostra
901 564 1123 603 calamitate
1153 564 1314 613 satiata3
1352 564 1499 603 deinde
1527 579 1620 603 con-

284 642 438 678 gressus
458 628 580 667 nostri
601 629 923 668 lamentationem
948 629 1131 679 pertimui
1145 644 1156 678 3
1184 629 1403 679 digressum
1423 643 1516 668 vero
1535 643 1618 668 non

286 694 461 733 tulissem
489 702 608 744 atque
638 695 755 733 etiam
785 694 826 733 id
855 694 984 745 ipsum
1014 696 1123 744 quod
1153 702 1195 732 tu
1225 694 1361 733 scribis
1390 695 1619 734 metuebam

285 772 335 797 ne
356 772 379 796 a
399 772 462 797 me
483 759 645 798 distrahi
665 773 746 798 non
766 772 912 809 posses.
974 759 1050 797 His
1075 760 1125 798 de
1149 759 1277 797 causis
1301 761 1378 798 hoc
1403 759 1618 798 maximum

286 824 433 860 malum
451 825 559 873 quod
580 831 617 862 te
641 837 722 862 non
742 823 833 871 vidi,
857 837 937 874 quo
958 823 1055 861 nihil
1075 823 1355 863 amantissimis
1375 832 1414 863 et
1433 823 1619 863 coniunc-
1641 838 1680 859 10

287 887 444 926 tissimis
465 888 645 926 fratribus
660 888 851 936 acerbius,
870 888 1049 927 miserius
1065 888 1219 928 videtur
1233 889 1413 928 accidere
1428 888 1616 940 potuisse,

285 951 416 990 minus
444 953 642 1000 acerbum,
666 953 796 991 minus
817 953 1005 992 miserum
1026 953 1098 992 fuit
1118 967 1237 1004 quam
1258 954 1395 992 fuisset
1415 968 1506 993 cum
1528 968 1620 992 con-

247 1029 264 1060 5
283 1016 429 1066 gressio
450 1024 533 1055 tum
554 1031 646 1056 vero
672 1017 860 1068 digressio
887 1026 1031 1057 nostra.
1092 1020 1211 1057 Nunc
1239 1018 1269 1057 si
1294 1026 1418 1069 potes,
1440 1018 1482 1057 id
1509 1020 1618 1069 quod

283 1095 356 1132 ego
387 1082 453 1132 qui
478 1082 549 1121 tibi
580 1096 733 1134 semper
760 1083 868 1122 fortis
888 1084 1051 1123 videbar
1074 1098 1156 1123 non
1182 1097 1356 1135 possum,
1387 1084 1489 1135 erige
1513 1091 1551 1122 te
1579 1091 1618 1122 et

284 1148 484 1194 confirma,
514 1147 545 1186 si
575 1161 653 1197 qua
682 1148 889 1187 subeunda
917 1148 1121 1188 dimicatio
1151 1149 1232 1188 erit.
1293 1151 1425 1200 Spero,
1456 1149 1486 1187 si
1520 1148 1617 1200 quid
1638 1161 1676 1193 15

284 1225 373 1250 mea
401 1225 489 1262 spes
523 1213 642 1250 habet
680 1213 930 1260 auctoritatis,
963 1213 1034 1252 tibi
1068 1221 1106 1252 et
1137 1213 1399 1264 integritatem
1431 1222 1540 1253 tuam
1578 1222 1618 1253 et

283 1291 458 1316 amorem
479 1277 519 1315 in
540 1285 577 1316 te
597 1277 763 1316 civitatis
784 1286 822 1317 et
842 1278 991 1329 aliquid
1018 1279 1136 1317 etiam
1161 1279 1470 1319 misericordiam
1494 1280 1617 1318 nostri

283 1342 452 1392 praesidi
483 1343 672 1390 laturam3
719 1342 779 1380 sin
813 1342 886 1381 eris
924 1344 975 1382 ab
1014 1343 1089 1383 isto
1121 1344 1297 1394 periculo
1335 1358 1492 1392 vacuus
1525 1358 1617 1395 ages

284 1407 432 1446 scilicet
458 1407 489 1445 si
519 1407 614 1457 quid
643 1407 704 1458 agi
732 1421 848 1458 posse
875 1409 925 1447 de
952 1408 1069 1447 nobis
1099 1408 1266 1459 putabis.
1327 1411 1390 1448 De
1419 1423 1500 1459 quo
1529 1409 1618 1448 scri-

283 1472 383 1510 bunt
402 1473 452 1510 ad
474 1486 536 1511 me
556 1472 718 1522 quidem
743 1472 855 1510 multi
882 1474 1006 1511 multa
1026 1481 1063 1511 et
1084 1486 1124 1512 se
1146 1486 1299 1523 sperare
1319 1474 1617 1523 demonstrant3
1637 1485 1678 1510 20

283 1538 353 1576 sed
383 1551 455 1588 ego
485 1539 592 1588 quod
623 1551 775 1588 sperem
796 1552 877 1577 non
901 1538 1079 1589 dispicio,
1104 1552 1195 1577 cum
1224 1539 1373 1578 inimici
1403 1539 1616 1590 plurimum

283 1604 446 1650 valeant,
470 1602 586 1641 amici
613 1602 753 1653 partim
784 1603 1028 1642 deseruerint
1057 1617 1132 1652 me,
1164 1604 1306 1654 partim
1338 1604 1457 1642 etiam
1488 1603 1617 1655 prodi-

282 1667 435 1716 derint3
477 1667 544 1717 qui
583 1667 623 1705 in
662 1681 751 1706 meo
790 1668 918 1706 reditu
958 1669 1122 1707 fortasse
1169 1668 1517 1719 reprehensionem
1556 1668 1616 1707 sui

282 1732 438 1772 sceleris
471 1732 761 1783 pertimescunt.
823 1734 900 1772 Sed
932 1732 1006 1772 ista
1040 1733 1171 1783 qualia
1204 1733 1281 1772 sint
1312 1741 1354 1773 tu
1385 1734 1503 1773 velim
1534 1747 1617 1784 per-

281 1797 423 1848 spicias
450 1796 625 1847 mihique
652 1798 836 1836 declares.
897 1800 983 1849 Ego
1011 1806 1144 1837 tamen
1173 1812 1292 1849 quam
1317 1799 1385 1837 diu
1415 1797 1486 1836 tibi
1516 1812 1615 1848 opus
1638 1811 1674 1843 25

282 1862 364 1910 erit,
397 1861 429 1900 si
457 1861 552 1912 quid
582 1862 744 1912 periculi
776 1864 1030 1903 subeundum
1058 1863 1222 1911 videbis,
1254 1863 1394 1902 vivam.
1456 1863 1616 1901 Diutius

282 1927 320 1965 in
343 1929 416 1966 hac
437 1927 515 1966 vita
540 1941 625 1966 esse
652 1942 734 1967 non
761 1943 934 1980 possum.
995 1931 1138 1979 Neque
1164 1928 1271 1968 enirn
1295 1936 1449 1967 tantum
1474 1927 1616 1966 virium

282 1993 401 2030 habet
430 1993 509 2031 ulla
536 2000 603 2031 aut
633 1994 842 2044 prudentia
871 2002 938 2033 aut
968 1994 1148 2033 doctrina
1177 2001 1220 2032 ut
1254 2001 1406 2031 tantum
1436 1994 1616 2032 dolorem

244 2068 263 2099 6
281 2056 405 2106 possit
425 2057 625 2097 sustinere.
688 2059 778 2098 Scio
806 2060 924 2098 fuisse
952 2067 989 2099 et
1016 2059 1220 2098 honestius
1245 2057 1438 2097 moriendi
1460 2065 1615 2109 tempus

282 2129 320 2160 et
341 2122 497 2171 utilius3
528 2125 597 2162 sed
627 2139 707 2163 non
736 2127 812 2163 hoc
839 2126 977 2171 solum,
1002 2126 1125 2163 multa
1143 2124 1220 2162 alia
1238 2122 1490 2174 praetermisi,
1514 2137 1614 2173 quae
1635 2134 1677 2165 30

283 2186 313 2224 si
335 2188 444 2237 queri
464 2189 580 2227 velim
603 2189 819 2240 praeterita,
843 2189 939 2227 nihil
960 2202 1072 2238 agam
1094 2188 1168 2226 nisi
1189 2195 1231 2226 ut
1250 2201 1415 2237 augeam
1436 2188 1614 2226 dolorem

327 2302 345 2330 4
371 2294 402 2322 in
432 2291 508 2323 add.
542 2292 684 2332 Madvig
828 2302 863 2322 11
891 2291 1086 2321 miseriusve
1114 2290 1272 2320 Buclzelcr
1416 2299 1455 2328 19
1479 2291 1531 2329 agi
1559 2289 1615 2319 Μ2

282 2340 436 2374 superscr.
455 2349 461 2367 :
486 2347 586 2374 agere
606 2335 656 2365 M·
673 2349 679 2367 :
713 2346 814 2375 agere
832 2340 865 2366 te
882 2335 960 2366 coni.
987 2333 1176 2374 Wcssnbetg
1307 2343 1348 2372 24
1373 2334 1615 2372 pertimescunt

284 2377 403 2410 Lamb.
420 2391 425 2410 τ
451 2384 543 2409 -cant
561 2378 601 2408 M
