1871 2782
226 582 265 615 19

246 1242 269 1281 7

231 1319 245 1326 .-

233 1304 272 1325 ⁶0

268 135 331 173 I.i
647 132 702 169 M.
735 131 903 169 TVLLI
935 130 1241 170 CICERONIS

282 246 427 284 faceres
459 243 669 282 auctoritas
703 243 908 282 accederet
939 256 1041 291 mea,
1069 242 1141 280 tibi
1170 241 1244 292 ipsi
1273 241 1338 280 illa
1365 241 1499 292 putavi
1527 244 1609 281 fore

282 309 522 349 iucundiora.
583 309 674 357 Qua
698 322 737 346 re
767 308 844 346 sint
874 309 971 347 haec
995 310 1252 347 fundamenta
1279 308 1478 359 dignitatis
1506 316 1612 356 tuae,

281 383 348 413 tua
376 374 546 425 primum
577 373 775 424 integritas
805 381 843 412 et
875 373 1132 421 continentia,
1160 374 1306 412 deinde
1335 373 1514 412 omnium
1544 373 1611 424 qui

282 448 413 479 tecum
456 446 546 477 sunt
586 440 724 489 pudor,
770 439 947 477 delectus
986 438 1027 476 in
1069 438 1396 477 familiaritatibus
1442 446 1481 477 et
1526 452 1613 488 pro-

282 503 507 543 vincialium
541 504 748 543 hominum
780 511 818 542 et
850 506 1090 542 Graecorum
1124 511 1333 555 percautus
1364 511 1402 542 et
1433 503 1610 553 diligens,
1631 514 1649 546 5

284 569 453 608 familiae
476 570 600 620 gravis
629 577 666 607 et
698 577 883 608 constans
904 569 1122 620 disciplina.
1182 571 1297 619 Quae
1326 583 1417 607 cum
1448 570 1613 608 honesta

284 631 361 670 sint
380 631 420 669 in
441 631 501 669 his
521 630 677 681 privatis
705 630 846 668 nostris
874 630 1162 681 cotidianisque
1188 630 1416 678 rationibus,
1439 630 1479 668 in
1504 637 1613 669 tanto

284 693 461 745 imperio,
481 701 561 732 tam
590 692 808 743 depravatis
834 692 1020 740 moribus,
1043 700 1123 731 tam
1149 692 1386 743 corruptrice
1413 692 1613 743 provincia

284 756 416 795 divina
444 756 650 795 videantur
680 768 841 794 necesse
871 762 938 793 est.
1001 756 1115 793 Haec
1145 754 1338 793 institutio
1367 762 1486 805 atque
1515 756 1612 794 haec

283 818 490 869 disciplina
509 824 638 868 potest
658 816 847 855 sustinere
867 816 906 854 in
927 816 1043 855 rebus
1060 816 1276 855 statuendis
1297 823 1335 855 et
1355 816 1612 856 decernendis
1635 832 1674 855 ιο

284 894 371 919 eam
395 880 640 919 severitatem
661 893 740 929 qua
766 886 806 917 tu
833 878 873 917 in
901 878 946 917 iis
973 879 1090 917 rebus
1116 892 1210 917 usus
1234 893 1275 918 es
1296 893 1343 918 ex
1369 879 1511 930 quibus
1531 893 1614 918 non

284 944 410 981 nullas
435 942 652 980 simultates
683 955 773 980 curn
810 955 952 992 magna
980 954 1070 979 mea
1097 941 1246 980 laetitia
1271 949 1473 992 susceptas
1498 942 1617 980 habe·

285 1019 372 1044 mus
388 1021 397 1053 3
427 1004 501 1043 nisi
522 1006 620 1043 forte
642 1017 705 1043 me
727 1003 876 1043 Paconi
903 1003 1039 1042 nescio
1065 1003 1191 1053 cuius,
1212 1004 1384 1043 hominis
1404 1018 1455 1043 ne
1476 1003 1617 1044 Graeci

285 1068 445 1118 quidem
475 1081 521 1106 ac
552 1066 655 1117 Mysi
684 1073 751 1105 aut
782 1066 943 1117 Phrygis
969 1065 1112 1117 potius,
1135 1066 1303 1116 querelis
1326 1066 1475 1105 moveri
1503 1074 1617 1117 putas

285 1141 352 1172 aut
372 1132 559 1180 Tusceni,
579 1132 751 1171 hominis
774 1132 909 1170 furiosi
928 1146 975 1170 ac
996 1132 1159 1180 sordidi,
1178 1132 1357 1181 vocibus,
1377 1132 1489 1171 cuius
1509 1140 1551 1172 tu
1572 1147 1620 1172 ex
1640 1145 1676 1179 15

288 1198 562 1248 impurissimis
582 1197 761 1236 faucibus
781 1196 1144 1235 inhonestissimam
1165 1197 1423 1248 cupiditatem
1445 1198 1620 1249 eripuisti

289 1276 444 1302 summa
481 1276 571 1301 cum
604 1261 812 1312 aequitate.
872 1263 987 1300 Haec
1018 1269 1056 1300 et
1090 1270 1219 1300 cetera
1256 1264 1373 1313 plena
1406 1263 1620 1302 severitatis

290 1341 391 1378 quae
428 1326 594 1365 statuisti
637 1326 676 1364 in
719 1326 792 1364 ista
829 1325 1031 1377 provincia
1068 1340 1150 1365 non
1188 1327 1301 1366 facile
1344 1327 1428 1366 sine
1466 1342 1620 1367 summa

289 1392 507 1443 integritate
526 1392 816 1431 sustineremus.
877 1394 968 1441 Qua
987 1406 1027 1430 re
1048 1392 1096 1430 sit
1116 1406 1271 1431 summa
1290 1393 1330 1431 in
1351 1393 1433 1432 iure
1448 1393 1620 1433 dicendo

289 1458 484 1505 severitas,
514 1459 610 1496 dum
637 1459 759 1496 modo
786 1471 832 1496 ea
857 1471 908 1496 ne
931 1457 1099 1496 varietur
1124 1458 1246 1508 gratia
1273 1460 1342 1497 sed
1369 1468 1620 1498 conservetur
1642 1474 1682 1495 20

289 1523 515 1574 aequabilis.
575 1524 654 1561 Sed
691 1531 822 1561 tamen
860 1523 968 1574 parvi
1007 1525 1121 1562 refert
1154 1524 1224 1562 abs
1260 1531 1297 1562 te
1331 1524 1418 1575 ipso
1449 1524 1507 1563 ius
1543 1525 1621 1564 dici

289 1588 545 1639 aequabiliter
575 1595 614 1626 et
645 1587 864 1638 diligenter,
892 1587 967 1626 nisi
998 1588 1104 1627 idem
1138 1589 1188 1627 ab
1221 1588 1266 1627 iis
1302 1591 1368 1628 fiet
1401 1590 1543 1640 quibus
1579 1599 1620 1629 tu

290 1653 374 1692 eius
394 1653 566 1692 muneris
586 1653 757 1703 aliquam
778 1661 928 1704 partem
950 1653 1201 1692 concesseris.
1260 1657 1321 1692 Ac
1342 1655 1438 1693 1111111
1459 1655 1621 1705 quidem

291 1718 445 1757 videtur
474 1733 555 1757 non
590 1733 684 1757 sane
717 1733 860 1769 magna
889 1719 1054 1758 varietas
1085 1733 1171 1758 esse
1202 1719 1449 1770 negotiorum
1484 1720 1523 1758 in
1557 1722 1623 1759 ad-

292 1783 549 1822 ministranda
563 1784 660 1822 Asia
679 1785 748 1822 sed
765 1798 811 1822 ea
830 1792 913 1822 tota
927 1784 1019 1822 iuris
1035 1784 1210 1823 dictione
1230 1785 1400 1823 maxime
1416 1785 1596 1824 sustineri
1611 1802 1621 1835 3

291 1848 331 1887 in
361 1863 440 1899 qua
468 1849 655 1888 scientiae
683 1849 910 1900 praesertim
940 1849 1190 1900 provincialis
1216 1850 1315 1887 ratio
1336 1849 1420 1900 ipsa
1440 1851 1622 1901 expedita

292 1922 361 1962 est,
387 1914 608 1953 constantia
636 1922 694 1953 est
723 1914 951 1953 adhibenda
977 1922 1015 1953 et
1044 1914 1209 1965 gravitas
1236 1929 1338 1965 quae
1364 1915 1516 1954 resistat
1541 1930 1623 1955 non

294 1981 422 2018 solum
451 1979 596 2030 gratiae
623 1993 759 2018 verum
789 1979 906 2018 etiam
936 1979 1161 2029 suspicioni.

348 2045 615 2095 Adiungenda
648 2045 765 2084 etiam
800 2053 858 2083 est
891 2045 1054 2083 facilitas
1087 2045 1128 2083 in
1160 2046 1373 2094 audiendo,
1404 2047 1544 2086 lenitas
1584 2047 1624 2086 in

295 2111 558 2157 decernendo,
581 2110 620 2147 in
641 2110 733 2148 satis
754 2110 937 2148 faciendo
956 2123 1002 2148 ac
1022 2110 1264 2161 disputando
1283 2111 1495 2161 diligentia.
1546 2112 1623 2151 His
1644 2127 1686 2157 30

295 2176 411 2214 rebus
444 2189 569 2226 nuper
603 2177 647 2215 C.
685 2176 873 2215 Octavius
907 2175 1215 2215 iucundissimus
1248 2176 1330 2223 suit,
1363 2178 1470 2226 apud
1504 2191 1623 2227 quem

343 2290 354 2309 1
383 2279 454 2318 ipsa
475 2279 615 2310 Vrsinus
760 2291 779 2318 4
804 2280 956 2310 delectus
976 2279 1093 2312 Orelli:
1126 2279 1268 2310 dilectus
1291 2279 1333 2309 M
1478 2291 1516 2319 14
1541 2286 1573 2311 at
1591 2281 1625 2311 R

297 2323 427 2352 Ernesti
542 2334 579 2362 19
603 2324 862 2354 sustinuerimus
882 2324 982 2354 Orelli
1099 2334 1140 2354 22
1164 2323 1388 2363 aequabiliter
1403 2327 1496 2357 veih:
1523 2335 1623 2364 equa-

297 2367 372 2396 liter
388 2366 427 2396 M
557 2376 596 2405 25
621 2367 787 2398 contineri
805 2366 925 2408 Hagen
