1871 2782
223 131 276 168 II.
293 129 370 166 viii
686 128 741 164 M.
774 127 943 164 TVLLI
973 125 1279 165 CICERONIS

315 246 353 276 et
370 238 584 287 obloquare
601 244 639 275 et
660 238 900 286 conloquare
920 235 1047 275 velim.
1100 235 1207 284 Quid
1225 233 1328 272 enim
1346 224 1443 272 mihi
1458 234 1613 273 suavius
1625 238 1643 274 ’.Ρ

315 304 407 341 Non
437 316 499 341 me
524 303 682 340 hercule
712 301 920 352 quisquam
945 303 1253 353 μουσοπάτακτος
1281 299 1465 338 libentius
1495 314 1565 339 sua
1589 314 1643 339 re-

313 366 440 405 centia
466 375 650 417 poemata
676 367 767 417 legit
788 381 907 417 quarn
935 381 1007 417 ego
1028 374 1066 405 te
1092 366 1211 405 audio
1238 379 1489 415 quacumque
1509 367 1559 404 de
1588 380 1639 413 re,

312 432 480 482 publica,
510 432 669 483 privata,
699 433 852 481 rustica,
880 434 1038 472 urbana.
1099 434 1176 471 Sed
1207 445 1295 470 mea
1324 433 1470 470 facturn
1500 439 1557 470 est
1587 431 1643 470 in-

310 498 414 535 sulsa
442 497 679 536 verecundia
713 505 755 536 ut
789 506 827 536 te
858 497 1110 548 proficiscens
1144 510 1225 535 non
1260 497 1447 534 tollerem.
1508 497 1677 546 Oppo-5

311 561 421 600 suisti
455 564 576 601 semel
611 564 869 601 ἀναντίλεκτον
902 576 1072 609 causam,
1108 560 1310 601 Ciceronis
1345 559 1466 597 nostri
1496 561 1641 598 valetu-

267 637 291 664 2
311 626 470 675 dinem3
505 627 688 666 conticui.
750 629 898 666 Iterum
926 627 1164 673 Cicerone33
1194 624 1333 674 quievi.
1394 625 1512 662 Nunc
1543 624 1640 662 mihi

310 691 563 730 iucunditatis
597 694 713 742 plena
747 692 913 741 epistula
951 693 1027 729 hoc
1065 689 1257 740 adspersit
1295 688 1499 727 molestiae
1530 691 1638 739 quod

309 755 450 794 videris
484 770 534 795 ne
566 756 662 794 mihi
696 758 884 795 molestus
919 769 1023 794 esses
1061 754 1205 792 veritus
1240 767 1325 792 esse
1362 761 1482 804 atque
1520 753 1638 792 etiarn

308 834 414 858 nunc
429 820 559 859 vereri.
620 820 830 870 Litigarem
852 828 994 866 tecum,
1011 818 1042 857 si
1063 820 1119 857 fas
1142 826 1267 866 esset3
1297 819 1366 856 sed
1388 832 1450 856 me
1467 819 1635 866 hercule,
1660 833 1698 855 10

308 884 408 923 istuc
446 885 477 923 si
516 898 706 935 umquam
745 884 963 934 suspicatus
1002 896 1079 930 ero,
1115 882 1212 920 nihil
1250 882 1380 921 dicam
1417 882 1525 921 aliud
1563 883 1637 922 nisi

306 950 470 988 verebor
495 963 545 988 ne
575 951 736 1000 quando
767 963 840 999 ego
869 949 951 997 tibi,
978 962 1069 987 curn
1099 962 1186 986 sum
1216 961 1305 995 una,
1332 949 1520 986 molestus
1549 948 1633 986 sim.

307 1014 436 1053 Video
463 1022 501 1053 te
528 1014 774 1065 ingemuisse.
835 1014 898 1053 Sic
922 1015 974 1062 fit,
998 1013 1084 1055 ³2⁶1&
1103 1017 1140 1053 ἐν
1160 1014 1221 1064 αἴᾳ
1242 1014 1386 1063 ἔζησας·
1417 1027 1635 1064 numquam

305 1078 411 1117 enim
438 1079 592 1118 dicam:
623 1080 664 1117 ἔα
688 1081 852 1120 πάσας-Γ.
912 1079 1083 1117 Marium
1110 1086 1243 1117 autem
1270 1086 1447 1116 nostrum
1468 1077 1508 1116 in
1532 1078 1636 1117 lecti-

305 1157 391 1182 cam
427 1157 490 1182 me
524 1145 681 1183 hercule
713 1144 981 1191 coniecissem,
1017 1157 1098 1182 non
1141 1143 1246 1181 illam
1285 1143 1383 1193 regis
1416 1144 1635 1183 Ptolomaei
1657 1155 1693 1187 15

306 1209 559 1257 Asicianam,·
589 1209 750 1248 memini
771 1209 887 1256 enim,
912 1223 1002 1247 cum
1029 1209 1233 1247 hominem
1258 1217 1428 1259 portaret
1447 1211 1499 1248 ad
1520 1209 1634 1248 Baias

306 1273 474 1323 Neapoli
495 1275 711 1323 octaphoro
731 1273 918 1312 Asiciano
936 1273 1278 1323 machaerophoris
1295 1282 1455 1312 centum
1471 1288 1634 1324 sequen-

305 1338 419 1386 tibus,
443 1338 561 1377 miros
582 1338 679 1377 risus
706 1352 778 1376 nos
805 1340 921 1377 edere
948 1351 1039 1376 cum
1065 1338 1130 1376 ille
1156 1338 1311 1388 ignarus
1338 1339 1397 1377 sui
1424 1339 1633 1378 comitatus

304 1410 464 1452 repente
484 1403 635 1453 aperuit
655 1403 834 1441 lecticam
851 1410 889 1441 et
910 1417 1035 1453 paene
1052 1403 1116 1441 ille
1133 1403 1284 1450 timore,
1300 1417 1372 1453 ego
1392 1404 1471 1442 risu
1491 1404 1629 1443 corrui.

305 1469 439 1515 Hune,
465 1476 508 1506 ut
537 1468 637 1515 dico,
667 1476 771 1507 certe
798 1468 1040 1507 sustulissem
1068 1476 1110 1506 ut
1136 1468 1349 1518 aliquando
1376 1469 1631 1508 subtilitatem
1652 1487 1693 1510 20

304 1532 444 1571 veteris
464 1533 693 1571 urbanitatis
714 1541 751 1572 et
772 1533 1045 1572 humanissimi
1066 1534 1256 1572 sermonis
1277 1534 1508 1584 attingerem
1524 1549 1533 1583 3
1562 1536 1632 1574 sed

305 1596 507 1635 hominem
534 1597 733 1635 infirmum
760 1598 800 1636 in
820 1598 951 1636 villam
979 1606 1154 1648 apertam
1173 1612 1220 1637 ac
1240 1613 1290 1638 ne
1310 1601 1449 1638 rudem
1470 1599 1632 1650 quidem

261 1672 285 1708 3
305 1661 422 1700 etiam
443 1676 548 1700 nunc
569 1662 731 1702 invitare
752 1663 870 1702 nolui.
933 1666 1026 1702 Hoc
1047 1678 1138 1703 vero
1163 1664 1259 1702 mihi
1282 1665 1479 1715 peculiare
1505 1665 1630 1713 fuerit,

304 1725 367 1764 hic
398 1726 515 1765 etiam
549 1727 624 1765 isto
655 1727 739 1766 frui.
798 1730 902 1766 Nam
934 1728 1089 1768 illorum
1123 1730 1371 1780 praediorum
1406 1730 1504 1769 scito
1536 1731 1632 1769 mihi

302 1790 474 1829 vicinum
508 1791 679 1830 Marium
713 1794 847 1831 lumen
881 1807 976 1832 esse.
1037 1795 1157 1844 Apud
1190 1794 1378 1833 Anicium
1408 1794 1631 1834 videbimus
1651 1808 1688 1841 25

301 1863 344 1894 ut
370 1864 547 1905 paratum
568 1857 626 1895 sit.
686 1859 771 1896 Nos
798 1858 903 1896 enim
931 1858 984 1897 ita
1010 1859 1199 1910 philologi
1226 1874 1361 1898 sumus
1391 1868 1434 1899 ut
1453 1862 1515 1899 vel
1539 1874 1630 1899 cum

300 1920 417 1959 fabris
456 1921 631 1960 habitare
670 1923 876 1972 possimus.
949 1924 1158 1962 Habemus
1197 1925 1299 1963 hanc
1338 1925 1630 1976 philosophiam

301 1999 380 2024 non
410 1987 460 2025 ab
486 1989 679 2037 Hymetto
709 1990 778 2027 sed
807 1989 857 2027 ab
888 1989 1110 2031 †araxira†.
1171 1990 1320 2028 Marius
1348 1998 1386 2029 et
1406 1992 1630 2030 valetudine

345 2100 362 2127 4
389 2089 513 2121 insulsa
534 2090 608 2122 Vz'ct.
628 2103 634 2122 :
659 2092 768 2122 infusa
785 2092 827 2123 M
956 2104 973 2133 7
999 2094 1183 2124 Cicerones
1199 2093 1315 2126 Mam:
1339 2095 1442 2125 ceteri
1460 2106 1576 2126 omnes
1592 2096 1633 2126 M

304 2141 342 2171 13
366 2132 473 2163 Video
491 2158 497 2164 .
517 2158 524 2165 .
542 2158 549 2165 .
570 2134 671 2166 πάσας
682 2140 758 2175 post
773 2147 808 2166 re
826 2146 857 2175 p.
876 2137 906 2174 (ξ
926 2148 944 2175 4
962 2138 980 2168 Ι.
1003 2139 1037 2176 5)
1057 2138 1259 2177 transposuit
1273 2138 1408 2175 Sclu'itz‚
1424 2139 1625 2178 sedsrzcstra.

300 2175 418 2206 Nodus
429 2177 486 2207 deo
498 2177 619 2208 vindice
634 2178 754 2218 dzgrnus
769 2181 819 2210 vel
832 2180 929 2210 codice
944 2181 1025 2210 bono
1117 2183 1219 2220 16-17
1237 2181 1435 2212 Anicianam
1448 2206 1454 2213 .
1466 2206 1474 2213 .
1491 2206 1498 2212 .
1513 2182 1628 2213 Anici-

301 2230 365 2249 ano
382 2221 473 2259 vulg.
614 2228 786 2261 portarent
803 2223 977 2254 Bt’c'clzcler:
1002 2235 1104 2254 ·arem
1122 2225 1164 2254 M
1323 2235 1365 2254 22>
1387 2225 1490 2256 Hunc
1508 2225 1601 2257 Man.
1619 2238 1628 2257 t

301 2262 396 2292 Tunc
426 2264 466 2293 M
605 2275 645 2304 25
670 2266 858 2297 videbimus
885 2271 955 2298 vell.
972 2279 979 2298 ε
1013 2268 1168 2297 videmus
1196 2267 1238 2296 M
1377 2269 1418 2298 28
1444 2269 1625 2309 Hymetto]

301 2305 463 2344 Gargetto
488 2308 565 2338 coni.
594 2308 680 2338 Reid
764 2319 843 2339 area
867 2310 981 2349 Cyrea
1008 2310 1070 2349 (vel
1085 2310 1180 2350 Cyri)
1198 2309 1332 2341 Ernesti
1353 2311 1405 2349 (sc.
1429 2311 1505 2351 Cyri
1525 2313 1627 2342 archi-

298 2349 382 2421 chi)
401 2361 407 2379 :
431 2361 507 2380 area
526 2351 611 2389 Syra
631 2351 832 2384 Cratander:
856 2364 932 2384 arce
949 2352 1048 2395 Ψυρίᾳ
1067 2354 1102 2396 (i.
1117 2365 1140 2385 c.
1162 2353 1349 2396 Arpznum)
1377 2355 1537 2396 Tunstall,
1556 2355 1625 2387 coll.

336 2396 369 2423 tt.
388 2393 452 2423 xvi.
475 2403 520 2432 13.
541 2405 560 2424 2
