1871 2782
247 128 277 165 1.
294 127 327 164 ii
639 125 694 161 M.
727 124 895 160 TVLLI
926 123 1233 163 CICERONIS

278 236 481 286 scripserat
503 234 658 273 Flavius
676 242 713 273 et
730 248 803 284 ego
823 242 937 273 certe.
997 235 1088 283 Qua
1105 248 1157 282 re,
1177 233 1207 272 si
1227 234 1307 272 ulla
1325 246 1385 272 res
1406 240 1464 271 est
1485 246 1602 283 quarn

278 301 348 340 tibi
369 315 432 339 me
453 308 612 350 petente
636 299 857 338 faciendam
882 306 1005 349 putes,
1028 301 1126 337 haec
1147 313 1193 337 ea
1213 298 1271 336 sit.
1331 298 1372 337 Si
1395 312 1460 337 me
1483 311 1603 346 amas,

277 379 377 414 cura,
396 366 564 412 elabora,
588 366 732 415 perfice
758 372 801 402 ut
826 364 981 402 Flavius
1001 371 1039 403 et
1059 364 1131 402 tibi
1160 372 1198 402 et
1218 363 1316 402 mihi
1342 377 1463 413 quam
1489 363 1608 401 maxi-

277 445 358 469 mas
384 429 525 480 gratias
554 436 653 480 agat.
714 430 808 467 Hoc
827 436 866 467 te
892 429 945 467 ita
964 442 1059 479 rogo
1078 436 1122 467 ut
1148 428 1295 467 ztiaiore
1316 428 1449 467 studio
1471 442 1607 478 rogare

276 510 357 536 non
377 494 535 546 possim.
1627 513 1643 544 5

332 561 453 609 Quod
481 561 533 599 ad
562 574 626 598 me
656 561 706 598 de
737 559 903 598 Hermia
931 559 1067 597 scribis
1091 558 1188 598 mihi
1217 573 1282 597 me
1305 559 1465 597 hercule
1491 558 1608 596 valde

277 627 487 664 molestum
514 625 596 663 fuit.
657 625 823 663 Litteras
848 625 900 662 ad
926 631 964 662 te
991 638 1130 674 parum
1156 625 1324 662 fraterne
1353 623 1608 674 scripseram3

277 705 374 741 quas
413 691 588 730 oratione
625 690 801 738 Diodoti,
834 689 989 728 Luculli
1026 689 1166 737 liberti,
1198 697 1433 736 commotus,
1465 689 1516 727 de
1543 702 1608 739 pa-

276 755 407 795 ctione
427 756 557 794 statim
579 756 688 805 quod
708 754 920 802 audieram,
944 753 1170 792 iracundius
1193 753 1424 804 scripseram
1443 760 1482 791 et
1502 766 1609 792 revo—

277 834 364 859 care
402 820 621 870 cupiebam.
682 818 791 857 Huic
825 826 867 857 tu
901 818 1091 868 epistulae
1125 832 1207 857 non
1240 819 1407 857 fraterne
1440 818 1610 869 scriptae
1629 832 1669 854 10

221 898 258 928 13
276 887 442 923 fraterne
472 885 593 923 debes
618 884 830 934 ignoscere.
891 885 953 921 De
981 883 1213 930 Censorino,
1235 883 1424 932 Antonio,
1448 884 1607 932 Cassiis,

277 951 465 989 Scaevola
502 957 540 988 te
573 950 624 988 ab
658 949 704 987 iis
738 948 856 999 diligi,
893 956 935 986 ut
970 948 1118 996 scribis,
1153 950 1410 987 vehementer
1440 951 1606 999 gaudeo.

279 1017 420 1055 Cetera
451 1016 608 1054 fuerunt
645 1014 685 1052 in
720 1015 859 1053 eadem
893 1013 1061 1064 epistula
1092 1013 1269 1064 graviora
1301 1027 1422 1064 quam
1453 1017 1608 1063 vellem,

281 1081 416 1131 ίὀρθὰν
436 1082 503 1119 τὰν
526 1081 633 1120 vai-11⁹
654 1087 692 1118 et
711 1082 718 1099 ‘
734 1080 835 1126 ἅπαξ
860 1079 1006 1118 θανεῖν]
1055 1078 1211 1118 Maiora
1234 1079 1309 1118 ista
1331 1087 1471 1128 erunt3
1498 1094 1611 1119 meae

279 1145 570 1196 obiurgationes
604 1146 760 1183 fuerunt
786 1144 932 1183 amoris
956 1143 1211 1195 plenissimae
1238 1148 1378 1195 †quae
1408 1152 1500 1184 sunt
1529 1159 1611 1184 non
1633 1158 1668 1190 15

279 1212 398 1258 nulla,
425 1212 495 1248 sed
523 1217 654 1248 tamen
681 1209 895 1248 mediocria
922 1216 962 1247 et
983 1223 1102 1260 parva
1121 1209 1263 1259 potius.
1322 1212 1410 1260 Ego
1436 1218 1475 1249 te
1500 1225 1613 1249 num-

280 1290 399 1326 quam
431 1277 509 1313 ulla
537 1274 577 1313 in
606 1289 646 1313 re
677 1274 841 1325 dignum
870 1273 1035 1312 minima
1062 1274 1368 1324 reprehensione
1396 1283 1609 1326 putassem,

279 1355 372 1379 cum
393 1349 430 1379 te
451 1340 694 1378 sanctissime
713 1354 875 1390 gereres,
897 1339 973 1378 nisi
992 1339 1175 1378 inimicos
1196 1342 1342 1379 multos
1361 1341 1608 1380 haberemus.

283 1407 397 1455 Quae
425 1407 477 1444 ad
501 1413 539 1443 te
558 1405 689 1455 aliqua
706 1419 789 1443 cum
816 1404 1036 1443 monitione
1060 1412 1130 1443 aut
1158 1404 1432 1456 obiurgatione
1461 1406 1608 1457 scripsi,

279 1470 418 1521 scripsi
439 1478 596 1520 propter
615 1470 859 1520 diligentiam
878 1469 1073 1509 cautionis
1097 1484 1218 1518 meae,
1243 1470 1285 1509 in
1305 1484 1385 1521 qua
1403 1479 1442 1510 et
1468 1485 1612 1511 maneo
1633 1487 1673 1510 20

284 1544 322 1575 et
343 1536 514 1574 manebo
534 1543 573 1574 et
592 1535 699 1574 idem
718 1542 761 1573 ut
779 1535 900 1574 facias
919 1549 1002 1574 non
1022 1535 1211 1574 desistam
1229 1550 1375 1587 rogare.

226 1621 266 1653 14
338 1603 495 1640 Attalus
525 1602 795 1651 Hypaepenus
822 1615 979 1640 meeum
1000 1601 1077 1652 egit
1097 1609 1140 1640 ut
1163 1615 1206 1640 se
1225 1616 1276 1640 ne
1302 1602 1513 1653 impedires
1534 1618 1614 1655 quo

285 1667 414 1705 minus
439 1667 548 1716 quod
571 1668 622 1705 ad
647 1668 695 1716 Q.
718 1670 740 1708 †
755 1666 961 1706 Publiceni
974 1671 996 1708 Ἰ·
1025 1674 1194 1705 statuam
1221 1669 1424 1707 decretum
1452 1678 1510 1709 est
1534 1685 1614 1710 ero-

282 1740 446 1783 garetur.
507 1732 628 1780 Quod
660 1746 733 1782 ego
764 1740 803 1771 te
833 1740 872 1771 et
905 1746 1001 1783 rogo
1031 1740 1070 1771 et
1103 1734 1303 1773 admoneo
1333 1748 1385 1773 ne
1419 1735 1505 1774 talis
1543 1736 1614 1775 viri

284 1807 443 1849 tamque
470 1797 592 1836 nostri
617 1798 811 1837 necessari
835 1800 1028 1838 honorem
1054 1798 1179 1837 minui
1199 1813 1268 1850 per
1288 1807 1327 1838 te
1345 1809 1413 1839 aut
1434 1801 1613 1852 impediri
1636 1814 1673 1847 25

283 1865 388 1904 velis.
448 1867 654 1904 Praeterea
672 1864 832 1914 Aesopi,
849 1864 973 1903 nostri
995 1863 1203 1918 [tragoedi]
1225 1866 1435 1914 familiaris,
1453 1868 1615 1907 Licinus

286 1945 418 1969 servus
445 1930 515 1970 tibi
543 1938 660 1969 notus
687 1930 848 1980 aufugit.
908 1932 949 1969 Is
975 1931 1145 1969 Athenis
1163 1933 1271 1982 apud
1293 1933 1504 1972 Patronem
1526 1934 1617 1985 Epi-

230 540 256 575 4

221 600 256 622 12

328 2046 350 2074 9
373 2035 484 2065 statim
501 2035 601 2074 quod,
620 2045 683 2065 non
701 2035 734 2064 in
751 2045 851 2073 quom
874 2034 1078 2066 mutandum
1096 2039 1134 2065 ul
1148 2035 1322 2066 Fleckeisen
1338 2037 1423 2075 facit
1438 2037 1486 2068 ad
1497 2038 1609 2070 Plaut.

285 2078 412 2118 Amph.
432 2089 517 2117 302;
548 2080 616 2110 Ter.
636 2078 757 2109 Heaut.
778 2088 843 2117 54:
873 2077 912 2118 cf
934 2078 1070 2118 Quintil.
1091 2090 1123 2111 x,
1144 2090 1173 2118 3.
1198 2090 1257 2119 143
1281 2080 1369 2111 Plias.
1390 2081 1448 2121 Ep.
1466 2082 1505 2112 ἰν.
1524 2092 1574 2120 27.
1598 2093 1612 2112 1

290 2133 327 2161 14
351 2128 450 2153 erunt
473 2123 542 2153 secl.
575 2123 779 2162 lfVesenbetg:
816 2127 913 2153 erant
936 2122 1021 2153 Boot
1154 2133 1190 2162 15
1215 2135 1301 2163 quae
1325 2125 1418 2165 sunt]
1448 2131 1614 2164 quaerunt

291 2166 427 2205 Tyrrell:
463 2171 602 2206 questus
629 2177 700 2196 sum
733 2166 936 2206 chsenbergr:
961 2167 1041 2206 fort.
1070 2168 1190 2197 desunt
1324 2179 1389 2198 non
1416 2170 1526 2199 nullae
1553 2170 1614 2200 sed

286 2215 398 2239 tamen
416 2210 602 2240 mediocres
619 2216 651 2240 et
677 2221 799 2250 parvae
824 2210 858 2240 R
881 2211 1064 2240 Cratander
1077 2210 1196 2241 Lamb.
1378 2221 1416 2251 19
1440 2222 1511 2242 cum
1535 2213 1611 2244 add.

290 2252 400 2284 Orelli:
420 2257 494 2284 ante
505 2254 613 2293 aliqua
627 2254 747 2286 Lamb.
821 2254 1050 2284 admonitione
1064 2254 1097 2284 R
1186 2265 1227 2284 22
1248 2255 1483 2295 Hypaepenus
1499 2257 1614 2287 Orelli:

288 2297 525 2335 hyphemenus
542 2298 602 2328 M:
631 2298 799 2334 ὑφειμένως
817 2298 941 2328 Gurlz'lt
1057 2308 1097 2336 23
1123 2298 1249 2328 Publici
1264 2297 1404 2329 Schulz:
1431 2299 1614 2330 Publicieni

288 2341 367 2370 coni,
399 2340 602 2381 ll’csenbmg:
631 2342 712 2379 sort.
742 2341 868 2372 Publici
897 2353 925 2372 e.
956 2352 981 2372 r.
1011 2341 1114 2379 (eques
1139 2341 1341 2379 Romanus),
1368 2343 1407 2382 cf.
1431 2342 1551 2373 Ascon.
1580 2344 1614 2373 in

294 2383 378 2414 Verr.
396 2388 427 2422 p.
452 2394 511 2422 135
531 2384 585 2415 Or.
700 2387 742 2415 26
768 2385 921 2424 tragoedi
936 2385 1004 2416 secl.
1026 2384 1133 2424 Orelli,
1152 2385 1189 2424 cſs
1209 2384 1304 2416 Fam.
1321 2386 1375 2417 vii.
1395 2395 1421 2418 1.
1442 2397 1460 2417 2
1479 2387 1617 2417 Licinus

290 2427 390 2457 Boot:
418 2428 563 2458 Licinius
580 2427 622 2458 Μ
