1871 2782
215 129 267 166 II.
286 139 347 164 xv
548 128 659 164 EPP.
693 127 770 163 AD
801 127 1068 175 QVINTVM
1100 127 1376 163 FRATREM

301 236 419 286 gressi
440 236 639 275 candidati
660 238 883 276 consulares
905 244 946 275 ut
967 251 1047 275 non
1068 244 1170 275 esset
1190 237 1407 285 ferendum,
1430 237 1469 275 in
1490 246 1627 277 senatu

301 315 380 339 non
397 301 449 339 sui
465 316 474 348 3
503 301 620 339 statui
635 303 685 340 ad
702 303 849 340 nullam
866 301 1103 341 medicinam
1120 301 1173 340 rei
1189 301 1371 353 publicae
1385 301 1468 340 sine
1484 316 1628 352 magno

299 366 494 416 praesidio
513 368 712 406 accedere.

258 439 280 475 3
355 432 448 479 Quo
477 431 542 469 die
572 432 669 470 haec
699 431 833 482 scripsi
866 434 1016 470 Drusus
1050 439 1130 471 erat
1162 433 1210 471 de
1244 431 1577 482 praevaricatione
1605 446 1629 471 a

299 495 464 534 tribunis
498 496 653 535 aerariis
691 497 894 536 absolutus
929 497 968 535 in
1003 511 1157 535 summa
1191 505 1376 547 quattuor
1410 497 1625 545 sententiis,
1647 517 1664 548 5

298 575 388 599 cum
410 569 608 600 senatores
630 569 667 600 et
688 562 838 612 equites
859 564 1122 601 damnassent.
1184 564 1269 612 Ego
1290 564 1432 601 eodem
1454 562 1518 601 die
1538 571 1627 612 post

298 626 502 665 meridiem
533 627 736 665 Vatinium
771 641 875 666 eram
910 628 1152 666 defensurus.
1213 629 1272 665 Ea
1310 641 1369 666 res
1404 627 1526 665 facilis
1556 635 1624 666 est.

300 691 470 731 Comitia
491 691 530 729 in
552 705 727 730 mensem
750 692 1022 741 Septembrem
1044 691 1186 729 reiecta
1211 699 1312 729 sunt.
1371 691 1505 730 Scauri
1532 691 1629 730 iudi-

299 756 402 794 cium
424 757 554 795 statim
576 756 828 804 exercebitur,
844 757 907 795 cui
924 770 996 795 nos
1012 770 1093 795 non
1110 756 1317 795 deerimus.
1363 762 1371 777 ‘
1389 758 1629 798 Συνδείπνους

300 823 559 870 Σοφοκλέους,’
592 835 833 871 quamquam
864 835 887 859 a
920 829 958 860 te
993 823 1135 859 factam
1176 821 1360 860 fabellam
1391 821 1508 861 video
1542 836 1627 862 esse
1651 838 1687 860 10

299 886 446 933 festive,
469 888 578 925 nullo
606 888 727 924 modo
755 886 926 936 probavi.

254 963 281 1001 4
353 951 483 990 Venio
504 965 609 989 nunc
636 953 687 989 ad
714 951 754 990 id
775 952 883 1002 quod
910 951 1044 989 nescio
1064 964 1114 989 an
1135 951 1305 1001 primurn
1327 965 1411 991 esse
1435 952 1624 991 debuerit.

299 1018 335 1056 O
370 1016 562 1055 iucundas
602 1015 697 1054 mihi
735 1023 820 1055 tuas
859 1017 909 1055 de
949 1015 1151 1055 Britannia
1188 1016 1360 1055 litteras!
1418 1017 1627 1056 Timebam

298 1083 516 1129 Oceanum,
557 1081 746 1120 timebam
785 1081 874 1119 litus
913 1081 1088 1129 insulae3
1134 1081 1284 1132 reliqua
1321 1096 1402 1120 non
1441 1083 1627 1133 equidem

299 1154 522 1193 contemno,
546 1147 615 1184 sed
643 1148 730 1196 plus
750 1146 898 1184 habent
919 1153 1051 1185 tamen
1072 1146 1155 1196 spei
1177 1160 1295 1197 quarn
1318 1147 1466 1186 timoris
1491 1148 1628 1198 magis-

299 1225 375 1261 que
399 1225 485 1249 sum
516 1211 704 1249 sollicitus
735 1211 1025 1261 exspectatione
1055 1225 1100 1250 ea
1130 1225 1248 1261 quam
1279 1220 1397 1251 metu.
1457 1215 1516 1252 Te
1536 1227 1628 1252 vero

298 1277 474 1315 ὑπόθεσιν
500 1276 697 1315 scribendi
728 1276 921 1326 egregiam
951 1277 1096 1315 habere
1123 1276 1248 1315 video.
1311 1278 1423 1326 Quos
1451 1286 1491 1316 tu
1520 1278 1626 1325 situs,

300 1355 396 1391 quas
426 1348 582 1379 naturas
612 1355 739 1379 rerum
770 1349 807 1380 et
838 1343 1025 1388 locorum,
1056 1355 1155 1391 quos
1191 1355 1330 1389 mores,
1362 1356 1459 1392 quas
1489 1344 1629 1393 gentis,

299 1420 396 1456 quas
426 1420 587 1456 pugnas,
611 1420 729 1456 quem
756 1420 848 1445 vero
875 1406 1004 1456 ipsum
1032 1406 1307 1456 imperatorem
1336 1409 1482 1447 habes!
1542 1411 1629 1458 Ego

298 1478 336 1509 te
370 1470 547 1519 libenter,
581 1478 622 1509 ut
661 1484 783 1520 rogaS‚
818 1471 960 1521 quibus
999 1472 1115 1509 rebus
1150 1486 1216 1520 vis,
1250 1472 1449 1511 adiuvabo
1481 1481 1518 1512 et
1557 1474 1628 1512 tibi
1650 1487 1689 1508 20
1862 1497 1865 1543 Ι

298 1549 442 1583 versus,
477 1549 576 1586 quos
615 1549 737 1586 rogas,
773 1537 849 1573 hoc
884 1543 941 1574 est
975 1538 1174 1575 ‘Athenas
1214 1539 1426 1585 noctuam,’
1462 1538 1626 1578 mittam.

257 1614 280 1653 5
300 1601 377 1638 Sed
399 1601 496 1638 heus
517 1608 557 1638 tu
579 1603 584 1638 1
615 1600 729 1639 celari
757 1600 893 1638 videor
915 1614 937 1639 a
964 1608 1012 1639 te.
1073 1604 1396 1652 Quomodonam,
1421 1603 1473 1641 1ni
1502 1605 1627 1652 frater,

298 1665 348 1702 de
369 1665 510 1703 nostris
527 1665 702 1703 versibus
719 1666 892 1704 Caesar?
948 1668 1051 1704 Nam
1074 1667 1243 1717 primum
1265 1668 1407 1705 librum
1429 1682 1470 1706 se
1491 1668 1630 1718 legisse

298 1729 449 1779 scripsit
469 1731 519 1768 ad
542 1744 604 1768 me
630 1738 722 1769 ante
742 1738 779 1769 et
800 1730 925 1780 prima
952 1731 1007 1770 sic
1028 1740 1070 1770 ut
1095 1740 1210 1782 neget
1238 1746 1279 1771 se
1304 1747 1354 1771 ne
1376 1735 1528 1772 Graeca
1548 1734 1630 1784 qui-

296 1796 387 1833 dem
410 1795 570 1833 meliora
586 1795 724 1845 legisse
739 1810 748 1843 3
778 1796 927 1846 reliqua
942 1798 993 1835 ad
1010 1799 1210 1847 quendam
1227 1800 1358 1837 locum
1375 1799 1604 1849 ῥᾳθυμότερα
1618 1814 1628 1847 3
1648 1817 1683 1849 ²5

297 1862 373 1898 hoc
394 1860 499 1898 enirn
520 1860 640 1899 utitur
659 1862 789 1900 verbo.
852 1862 927 1900 Dic
948 1863 1043 1900 mihi
1065 1877 1212 1911 verum,
1235 1878 1330 1902 num
1355 1872 1422 1902 aut
1450 1874 1628 1904 res'eum

296 1933 362 1963 aut
391 1927 580 1977 χαρακτὴρ
609 1940 689 1965 non
719 1928 919 1966 delectat?
975 1928 1084 1966 Nihil
1115 1936 1172 1967 est
1203 1931 1311 1979 quod
1342 1943 1522 1978 vereare,
1556 1944 1630 1980 ego

298 1990 402 2029 enim
424 2005 473 2029 ne
494 1992 574 2042 pilo
599 1992 761 2042 quidem
790 1993 919 2031 minus
947 2007 1010 2032 me
1037 1995 1191 2033 amabo.
1253 1996 1344 2033 Hac
1371 1996 1422 2034 de
1450 2009 1490 2034 re
1518 1999 1631 2045 φιλο.-

298 2056 420 2105 ληθῶς
440 2064 487 2104 et,
511 2064 552 2095 ut
574 2059 675 2096 soles
696 2057 876 2106 scribere,
899 2060 1077 2098 fraterne.

344 2169 360 2197 7
385 2170 475 2190 eram
506 2159 622 2191 Lamh.
648 2172 654 2191 ε
687 2162 821 2191 aderam
851 2160 897 2200 M,
916 2162 995 2201 fort.
1025 2166 1100 2192 recte
1240 2173 1279 2193 10
1302 2164 1422 2193 saetam
1452 2163 1627 2194 Bzzcheler:

299 2208 404 2232 actam
425 2202 465 2232 Μ
478 2205 564 2244 vulg.
658 2215 694 2234 21
722 2205 836 2243 ’γλαῦκ’
849 2206 890 2235 εἰς
905 2205 1032 2244 Ἀθήνας
1053 2206 1235 2236 Cratander
1319 2208 1362 2237 26
1385 2207 1490 2238 utitur
1513 2208 1602 2249 vulg.
1621 2219 1628 2238 ε

301 2247 422 2277 utimur
444 2247 483 2277 M
623 2258 664 2287 29
688 2249 835 2279 scribere
864 2249 956 2280 MR:
981 2250 1089 2280 scribe
1106 2250 1126 2280 I
1140 2251 1226 2292 vulg.
