1871 2782
421 189 532 226 EPP.
565 189 642 226 AD
672 189 939 238 QVINTVM
972 189 1245 226 FRATREM
1450 188 1529 224 ΙΙΙ.
1548 186 1625 224 viii

167 299 370 336 facultates
402 312 482 337 non
513 305 622 337 crant
654 295 727 349 [vel
757 297 848 347 quia
880 297 1073 350 magister]
1103 299 1162 336 vel
1195 297 1285 347 quia
1317 304 1496 348 potuerat

167 363 394 412 magistrum
433 376 474 401 se
511 376 592 401 non
629 363 797 401 aedilem
836 370 982 412 putare.
1047 362 1193 402 Omnia
1230 364 1308 402 fere
1347 361 1492 413 scripsi.

168 428 283 476 Cura,
312 428 365 466 mi
395 428 591 467 carissime
620 429 744 475 frater,
772 434 814 466 ut
840 429 978 466 valeas.

210 566 277 602 IX
528 568 597 600 Ser.
617 569 745 600 Romae
762 580 805 600 m.
825 568 898 600 Dec.
919 579 947 600 a.
970 579 1027 609 700
1046 569 1125 610 (54).

129 654 146 686 5
419 646 616 677 MARCVS
639 646 819 686 QVINTO
842 645 1030 676 FRATRI
1047 645 1283 677 SALVTEM.

222 725 285 762 De
306 723 477 763 Gabinio
497 724 593 762 nihil
614 723 685 762 fuit
705 723 931 763 faciendum
951 723 1113 762 istorum
1143 737 1244 773 quae
1264 737 1287 761 a
1307 730 1344 762 te
1365 736 1495 761 aman-
1514 733 1531 759 1

167 786 315 827 tissime
357 788 525 838 cogitata
567 796 667 827 sunt.
739 790 831 827 Τότε
867 806 930 839 μοι
966 790 1162 840 χάνοι-ἕ
1212 788 1302 827 Feci
1342 802 1496 826 summa

168 865 258 890 cum
291 853 486 902 gravitate,
510 860 551 891 ut
581 867 718 892 omnes
755 853 939 901 sentiunt,
965 862 1003 892 et
1029 867 1183 891 summa
1217 866 1307 891 cum
1337 852 1496 891 lenitate

168 930 269 966 quae
296 917 380 955 feci.
441 919 557 955 Illum
586 931 714 968 neque
739 918 813 956 ursi
843 932 973 968 neque
997 918 1130 965 levavi,
1155 917 1262 956 testis
1283 918 1496 955 vehemens

112 996 149 1018 ιο
168 980 233 1028 fui,
256 988 455 1031 praeterea
474 981 615 1032 quievi.
670 982 828 1020 Exitum
849 982 968 1021 iudici
988 984 1149 1021 foedum
1171 990 1208 1020 et
1232 981 1496 1032 perniciosum

168 1046 361 1084 levissime
395 1046 489 1094 tuli3
529 1049 637 1097 quod
670 1047 833 1097 quidem
872 1048 1022 1086 bonum
1058 1046 1153 1084 mihi
1187 1060 1292 1084 nunc
1322 1046 1496 1096 denique

168 1111 372 1158 redundat,
401 1118 443 1149 ut
474 1111 533 1149 his
568 1111 678 1149 malis
709 1112 763 1150 rei
794 1112 975 1162 publicae
1004 1111 1239 1160 licentiaque
1272 1110 1496 1158 audacium,

169 1188 247 1225 qua
276 1183 367 1213 ante
397 1176 615 1226 rumpebar,
649 1189 755 1214 nunc
792 1189 842 1214 ne
877 1189 1035 1214 movear
1065 1175 1237 1225 quidem.
1297 1175 1406 1213 Nihil
1437 1182 1495 1213 est

169 1239 273 1278 enim
304 1240 490 1290 perditius
520 1240 579 1278 his
610 1240 847 1288 hominibus,
877 1239 936 1278 his
966 1239 1218 1290 temporibus.
1280 1241 1419 1288 Itaque
1449 1253 1495 1277 ex
1514 1249 1538 1276 2

113 1321 149 1353 15
168 1318 209 1342 re
241 1304 399 1354 publica
433 1304 620 1354 quoniam
658 1305 754 1342 nihil
787 1304 865 1342 iam
896 1304 1105 1354 voluptatis
1137 1304 1223 1353 capi
1258 1312 1397 1353 potest,
1429 1317 1497 1342 cur

170 1371 392 1408 stomacher
420 1369 563 1408 nescio.
624 1369 794 1408 Litterae
825 1383 887 1408 me
916 1377 955 1408 et
986 1369 1115 1408 studia
1144 1376 1276 1407 nostra
1306 1376 1343 1406 et
1373 1368 1497 1407 otium

169 1435 361 1485 villaeque
395 1436 593 1473 delectant
625 1434 874 1484 maximeque
908 1434 1017 1485 pueri
1055 1434 1188 1472 nostri.
1247 1433 1368 1483 Angit
1398 1447 1498 1471 unus

172 1500 282 1538 Milo.
342 1501 419 1539 Sed
446 1500 562 1538 velim
592 1501 712 1538 finem
741 1501 890 1538 adferat
919 1501 1170 1546 consulatu53
1204 1498 1243 1536 in
1271 1512 1350 1548 quo
1377 1498 1500 1537 enitar

171 1578 252 1603 non
277 1563 406 1602 minus
436 1578 555 1614 quam
582 1578 669 1603 sum
695 1564 828 1603 enisus
855 1564 895 1602 in
923 1571 1057 1602 nostro
1088 1571 1210 1613 tuque
1239 1563 1364 1609 istinc,
1391 1563 1500 1612 quod

113 1646 153 1668 20
171 1629 278 1678 facis,
304 1629 519 1668 adiuvabis.
580 1631 641 1668 De
672 1643 753 1680 quo
790 1637 929 1676 cetera,
959 1629 1033 1667 nisi
1066 1630 1183 1680 plane
1214 1628 1270 1666 vis
1304 1627 1500 1678 eripuerit,

170 1701 274 1733 recte
300 1702 391 1733 sunt
405 1709 414 1742 5
448 1696 498 1733 de
523 1708 562 1733 re
589 1694 766 1733 familiari
793 1694 924 1733 timeo.

502 1764 533 1797 Ο
564 1760 602 1798 δὲ
629 1762 795 1810 μαίνεται
824 1762 889 1798 οὐκ
918 1758 965 1798 ἔτ’
994 1761 1158 1804 ἀνεκτῶς,

171 1823 237 1875 qui
261 1826 377 1864 ludus
408 1826 478 1864 HS
499 1829 647 1865 †CCC3†
674 1832 885 1875 comparet.
946 1824 1068 1864 Cuius
1096 1824 1135 1862 in
1159 1825 1236 1862 hoc
1263 1836 1343 1861 uno
1367 1822 1500 1861 incon-

171 1889 420 1928 siderantiam
447 1898 485 1928 et
505 1902 578 1940 ego
607 1890 811 1928 sustinebo
841 1897 882 1928 ut
911 1897 1059 1940 potero,
1081 1896 1120 1927 et
1149 1896 1190 1927 tu
1220 1896 1262 1926 ut
1289 1887 1414 1938 possis
1441 1894 1500 1926 est

115 1968 151 2001 25
171 1962 326 1993 tuorum
355 1967 573 1992 nervorum.

226 2021 288 2057 De
322 2026 432 2057 motu
464 2026 685 2068 temporum
718 2018 909 2057 venientis
947 2018 1040 2057 anni
1073 2017 1169 2056 nihil
1203 2026 1241 2056 te
1275 2017 1497 2068 intellegere
1516 2030 1541 2069 3

171 2085 369 2122 volueram
400 2083 606 2122 domestici
634 2083 794 2130 timoris,
820 2085 891 2122 sed
921 2084 970 2122 de
999 2082 1202 2121 communi
1236 2082 1288 2121 rei
1317 2082 1498 2132 publicae

172 2156 298 2196 statu3
327 2148 367 2186 in
392 2162 471 2198 quo
492 2148 609 2187 etiam
631 2148 662 2186 si
689 2148 785 2186 nihil
809 2162 986 2198 procuro,
1011 2155 1142 2186 tamen
1164 2147 1259 2185 nihil
1281 2161 1414 2186 curare
1438 2146 1500 2185 vix

219 2264 232 2284 1
258 2253 311 2284 vel
327 2254 404 2293 quia
422 2252 583 2292 magister
598 2253 654 2284 dcl.
671 2252 792 2283 S'clzzssilz
905 2263 917 2282 1
929 2263 941 2283 r
968 2253 1135 2283 levissime
1152 2253 1191 2282 I:
1216 2253 1285 2282 len-
1303 2252 1344 2281 M
1462 2251 1499 2281 18

173 2298 205 2327 in
223 2296 276 2326 M2
292 2309 298 2327 :
322 2302 355 2327 et
369 2296 419 2326 M¹
438 2309 444 2327 :
468 2297 541 2327 eius
557 2308 563 2327 ε
588 2297 620 2326 in
642 2295 830 2336 lVesenbeag
942 2307 983 2335 23
1007 2306 1140 2327 cemos.)
1157 2294 1276 2326 Lamb.
1295 2307 1301 2326 :
1326 2305 1499 2326 cccclxxx)

178 2339 365 2380 IVcsenbcrg
532 2340 850 2370 inconsiderantiam
884 2339 978 2371 Man.
996 2351 1002 2371 ε
1040 2339 1323 2370 considerantiam
1356 2339 1394 2368 M
1422 2338 1500 2368 Cra-

174 2383 308 2419 tander;
334 2384 498 2423 glossema
525 2384 684 2423 expulisse
706 2394 766 2414 voc.
795 2383 954 2414 Graccum
979 2394 1006 2414 v.
1026 2394 1048 2414 c.
1072 2381 1245 2423 μετεωρὶαν
1273 2382 1322 2414 vel
1342 2381 1500 2423 ἀβλεψὶαν

169 2430 266 2467 putat
284 2427 385 2457 Orelli
397 2427 462 2458 coll.
481 2426 569 2459 Suet.
592 2426 705 2458 Claud.
725 2437 768 2466 39
