1871 2782
219 139 295 176 HI.
314 139 360 176 iv
687 138 742 176 M.
776 139 943 176 TVLLI
976 139 1283 179 CICERONIS

315 256 512 288 certamen
530 263 540 298 ς
579 248 619 288 111
641 250 779 289 urbem
799 248 996 289 introisset
1012 264 1021 299 ς
1059 251 1110 290 ad
1131 248 1356 289 inimicitias
1376 264 1436 289 res
1457 249 1626 290 venisset
1641 264 1651 299 ,·

314 327 405 352 cum
439 313 660 353 Aesernino
693 315 868 354 Samnite
900 315 1162 354 Pacideianus
1197 323 1446 366 comparatus
1475 316 1651 363 viderer,-

313 378 528 417 auriculam
548 380 712 418 fortasse
736 379 935 418 mordicus
955 380 1194 429 abstulisset,
1211 394 1302 418 cum
1324 380 1468 420 Clodio
1490 380 1651 430 quidem

315 451 418 482 certe
452 443 616 483 redisset
648 444 688 482 in
719 444 893 495 gratiam.
953 447 1040 496 Ego
1070 459 1164 484 vero
1196 459 1329 483 meum
1364 445 1584 493 consilium,
1621 444 1652 483 si

314 509 542 558 praesertim
582 516 625 548 tu
663 523 745 548 non
785 509 997 561 improbas,
1035 511 1292 549 vehementer
1328 510 1520 560 adprobo.
1580 511 1689 553 Ille5

315 587 407 612 cum
436 587 460 612 a
488 588 552 613 me
576 573 837 625 singularibus
866 574 964 613 meis
994 575 1133 614 studiis
1163 582 1322 615 ornatus
1353 582 1454 613 esset
1482 588 1653 624 cumque

317 652 391 689 ego
411 638 465 677 illi
485 639 582 678 nihil
609 640 809 688 deberem,
830 639 894 678 ille
915 639 1012 678 1111111
1036 639 1180 687 omnia,
1204 646 1337 678 tamen
1360 639 1401 678 in
1424 653 1465 678 re
1493 639 1653 690 publica

318 717 382 742 me
413 717 437 743 a
468 718 509 743 se
540 704 837 743 dissentientem
871 718 952 744 non
987 705 1074 743 tulit
1106 704 1221 756 (nihil
1252 704 1382 744 dicam
1413 704 1583 756 gravius)
1615 712 1653 744 et

318 768 447 808 minus
485 777 626 820 potens
661 783 709 808 eo
743 777 921 819 tempore
959 769 1056 820 quid
1093 769 1134 807 in
1173 783 1237 808 me
1276 771 1482 808 florentem
1519 777 1654 820 posset

317 833 489 872 ostendit
504 847 514 881 3
553 848 660 872 nunc
687 848 778 872 611111
803 848 876 884 ego
900 848 950 873 ne
975 848 1108 873 curem
1137 834 1298 885 quidem
1328 835 1496 873 multum
1523 848 1650 886 posse,
1675 849 1713 872 10

317 911 377 936 res
406 897 565 948 publica
592 906 696 937 certe
726 898 823 937 nihil
852 899 988 949 possit,
1020 913 1122 938 unus
1147 899 1212 938 ille
1236 898 1370 938 omnia
1395 899 1530 950 possit,
1562 913 1653 938 cum

318 963 384 1001 illo
406 962 491 1013 ipso
516 964 830 1003 contenderem?
877 964 941 1003 Sic
968 963 1075 1003 enim
1099 963 1326 1003 faciendum
1352 963 1498 1003 fuisset.
1557 966 1653 1003 Non

275 1026 570 1075 3existimote
604 1036 741 1079 putare
775 1028 815 1067 id
849 1028 946 1067 mihi
985 1028 1280 1079 suscipiendum
1315 1028 1444 1068 fuisse.
1508 1030 1655 1068 ‘Alter-

318 1095 472 1141 utrum,’
494 1093 621 1144 inquit
648 1093 754 1133 idem
782 1093 998 1142 Sallustius,
1021 1096 1031 1114 ‘
1049 1094 1294 1133 defendisses
1320 1094 1440 1145 idque
1462 1094 1654 1144 Pompeio

317 1158 575 1197 contendenti
590 1159 766 1197 dedisses
780 1173 791 1207 3
820 1159 966 1197 etenim
979 1160 1233 1198 vehementer
1248 1159 1408 1197 orabat.'
1457 1159 1653 1210 Lepidum
1675 1174 1712 1207 15

317 1224 489 1262 amicum
511 1224 749 1271 Sallustium,
765 1224 832 1275 qui
854 1224 950 1262 mihi
964 1232 1032 1263 aut
1046 1224 1269 1263 inimicitias
1282 1232 1393 1275 putet
1414 1224 1654 1275 periculosas

317 1289 544 1328 subeundas
564 1289 683 1328 fuisse
703 1297 771 1328 aut
792 1290 994 1328 infamiam
1012 1289 1291 1340 sempiternam
1309 1293 1316 1327 l
1360 1291 1447 1340 Ego
1467 1303 1559 1328 vero
1580 1291 1654 1327 hac

317 1354 588 1393 mediocritate
619 1355 806 1402 delector,
839 1368 885 1393 ac
920 1354 1016 1392 mihi
1050 1354 1147 1393 illud
1181 1354 1399 1393 iucundum
1439 1361 1497 1392 est
1531 1355 1653 1404 quod,

316 1433 407 1458 cum
428 1419 699 1458 testimonium
719 1420 940 1458 secundum
965 1421 1085 1458 fidem
1115 1427 1153 1458 et
1179 1418 1408 1469 religionem
1429 1418 1654 1469 gravissime

317 1485 513 1533 dixissem,
536 1497 624 1523 reus
645 1484 752 1532 dixit,
775 1484 806 1523 si
828 1484 866 1522 in
892 1484 1047 1523 civitate
1077 1483 1250 1523 licuisset
1278 1484 1352 1522 sibi
1373 1497 1470 1531 esse,
1494 1483 1592 1522 mihi
1613 1497 1654 1522 se
1676 1498 1715 1520 20

317 1549 409 1589 satis
430 1552 637 1598 facturum,
658 1563 788 1600 neque
809 1564 872 1588 me
893 1550 1107 1600 quicquam
1129 1549 1389 1600 interrogavit.

270 1629 301 1668 4
372 1618 434 1654 De
454 1616 630 1655 versibus
658 1629 757 1666 quos
778 1615 849 1655 tibi
876 1630 898 1654 a
920 1630 982 1654 me
1008 1615 1123 1654 scribi
1144 1615 1214 1663 vis,
1235 1617 1346 1654 deest
1373 1614 1470 1653 mihi
1491 1614 1654 1665 quidem

316 1694 446 1731 opera,
472 1694 574 1730 quae
601 1694 682 1719 non
711 1682 834 1720 modo
862 1688 1017 1730 tempus
1043 1682 1113 1719 sed
1137 1680 1255 1719 etiam
1281 1679 1458 1718 animum
1485 1693 1654 1718 vacuum

315 1745 366 1783 ab
387 1744 496 1783 omni
516 1759 608 1784 cura
629 1746 825 1784 desiderat
842 1761 852 1794 3
894 1747 963 1784 sed
989 1747 1101 1784 abest
1129 1745 1247 1784 etiam
1269 1745 1549 1795 ἐνθουσιασμός,
1571 1757 1654 1782 11011

316 1809 422 1850 6111111
456 1823 592 1849 sumus
624 1811 788 1849 omnino
820 1811 903 1850 sine
937 1825 1030 1849 cura
1057 1810 1250 1849 venientis
1280 1810 1385 1857 anni,
1417 1810 1489 1848 etsi
1519 1823 1654 1848 sumus
1676 1823 1714 1855 25
1861 1822 1863 1840 1

316 1876 400 1914 sine
435 1875 585 1914 timore.
646 1875 770 1914 Simul
802 1884 840 1914 et
872 1876 969 1914 illud
1000 1875 1101 1926 (sine
1132 1877 1211 1914 ulla
1244 1889 1309 1923 me
1339 1876 1498 1913 hercule
1531 1874 1655 1912 ironia

316 1941 474 1992 loquor)
491 1957 498 1979 :
528 1940 621 1979 Tibi
642 1940 752 1979 istius
767 1940 919 1992 generis
933 1940 972 1978 in
994 1941 1204 1979 scribendo
1224 1940 1371 1991 priores
1391 1939 1509 1991 partis
1526 1939 1655 1978 tribuo

317 2020 437 2057 quam
459 2005 566 2044 mihi.

276 2084 301 2122 5
375 2073 436 2110 De
458 2071 699 2111 bibliotheca
712 2080 779 2111 tua
800 2074 951 2111 Graeca
972 2072 1204 2122 supplenda,
1218 2070 1326 2109 libris
1347 2068 1651 2115 commutandis,

320 2136 470 2175 Latinis
491 2137 767 2188 comparandis
780 2139 894 2176 valde
914 2136 1031 2175 velim
1052 2136 1124 2174 ista
1144 2135 1300 2183 confici,
1314 2134 1541 2185 praesertim
1562 2148 1653 2172 cum
1674 2146 1716 2177 30

319 2204 371 2242 ad
400 2217 533 2242 meum
565 2217 724 2253 quoque
754 2216 868 2241 usurn
899 2208 1086 2252 spectent.
1147 2201 1225 2239 Sed
1255 2213 1327 2249 ego
1357 2198 1453 2237 mihi
1482 2198 1555 2248 ipsi
1582 2198 1655 2236 ista

320 2282 389 2318 pcr
418 2283 536 2319 quem
557 2282 670 2318 agam
696 2281 777 2305 non
804 2267 958 2313 habeo,
987 2279 1116 2315 neque
1137 2264 1242 2303 enim
1266 2263 1418 2302 venalia
1442 2271 1532 2301 sunt
1553 2277 1654 2313 quae
1866 2308 1867 2316 ἵ

321 2333 482 2383 quidem
504 2335 695 2383 placeant,
719 2340 757 2371 et
781 2330 923 2370 confici
950 2329 1025 2368 nisi
1051 2343 1119 2380 per
1143 2328 1347 2368 hominem
1368 2336 1405 2367 et
1426 2328 1594 2379 peritum
1615 2335 1654 2368 et
1865 2362 1867 2377 ,

557 2446 595 2475 13
620 2436 771 2467 Alterum
790 2435 890 2474 igitur
906 2434 1024 2465 lausus
1040 2445 1047 2464 z
1061 2433 1141 2473 sort.
1162 2433 1245 2463 Tum
1262 2432 1404 2463 alterum
