1871 2782
456 174 568 212 EPP.
601 174 678 210 AD
709 173 976 221 QVINTVM
1008 174 1282 210 FRATREM
1488 171 1552 210 1.i

202 282 465 321 incommodis
479 282 697 330 hominum,
713 281 918 331 provideas
940 281 1064 328 saluti,
1080 289 1122 320 ut
1139 289 1176 320 te
1192 289 1393 332 parentem
1411 281 1528 321 Asiae

202 355 241 385 et
260 346 339 385 dici
359 354 397 385 et
418 346 553 385 haberi
573 345 677 384 velis.

254 410 378 460 Atqui
417 410 509 448 huic
553 417 643 448 tuae
682 409 874 447 voluntati
912 423 957 448 ac
996 409 1220 459 diligentiae
1259 410 1525 449 difficultatem

201 488 289 524 ma‹
279 488 384 512 nam
411 464 592 513 adferunt
621 473 832 523 publicani
893 474 1048 523 Quibus
1078 474 1109 512 si
1138 475 1398 522 adv,ersamur
1430 475 1566 513 ordi-²²

163 550 179 580 5
200 553 292 577 nem
313 540 363 577 de
384 539 498 577 nobis
528 538 676 588 optime
708 537 890 576 meritum
920 546 958 576 et
987 551 1055 588 per
1084 551 1156 576 nos
1183 551 1274 576 cum
1303 552 1343 577 re
1371 538 1529 588 publica

200 604 456 642 coniunctum
495 611 533 642 et
566 617 589 641 a
620 603 734 642 nobis
767 610 805 641 et
835 616 858 640 a
891 616 932 641 re
965 602 1123 652 publica
1157 602 1428 652 diiungemus;
1468 603 1528 642 sin

199 676 332 706 autern
362 667 545 705 omnibus
575 667 614 705 in
644 668 760 705 rebus
792 667 1066 716 obsequemur,
1100 666 1276 705 funditus
1307 680 1374 706 eos
1405 667 1528 716 perire

199 732 393 782 patiemur
431 745 598 781 quorum
637 746 718 770 non
753 732 874 770 modo
906 731 1020 769 saluti
1051 732 1120 769 sed
1159 731 1276 770 etiam
1308 731 1528 770 commodis

200 798 404 834 consulere
424 797 626 834 debemus.
689 798 802 834 Haec
819 803 877 834 est
897 809 985 842 una,
1002 795 1033 833 si
1049 809 1137 834 vere
1152 795 1320 845 cogitare
1334 797 1525 843 volumus,

145 874 183 896 10
200 859 240 897 in
279 867 363 898 toto
401 859 565 910 imperio
602 868 669 898 tuo
704 860 922 898 difficultas.
983 861 1087 898 Nam
1127 873 1211 898 esse
1249 860 1524 907 abstinentem,

199 924 401 963 continere
421 925 549 963 omnis
570 924 814 975 cupiditates,
838 938 929 963 suos
950 938 1139 972 coercere,
1162 924 1253 962 iuris
1280 924 1526 974 aequabilem

199 995 332 1026 tenere
351 988 554 1035 rationem,
576 988 731 1026 facilem
758 1002 800 1026 se
820 988 860 1026 in
884 988 1000 1026 rebus
1025 988 1321 1038 cognoscendis,
1344 988 1384 1026 in
1405 988 1528 1026 homi-

199 1052 316 1090 nibus
336 1053 545 1091 audiendis
569 1052 905 1103 admittendisque
931 1053 1117 1103 praebere
1144 1054 1383 1103 praeclarum
1405 1053 1526 1102 magis

199 1123 257 1154 est
281 1130 401 1166 quarn
425 1117 608 1164 difficile3
650 1131 731 1155 non
758 1124 816 1155 est
846 1116 951 1155 enim
978 1116 1150 1166 positum
1174 1116 1214 1154 in
1238 1117 1370 1155 labore
1394 1117 1526 1167 aliquo

142 1191 181 1224 15
200 1182 270 1219 sed
296 1181 337 1219 in
367 1183 539 1231 quadam
568 1181 800 1219 inductione
828 1180 950 1218 animi
979 1188 1017 1219 et
1046 1182 1256 1219 voluntate.
1317 1183 1390 1219 Illa
1410 1195 1527 1220 causa

199 1246 501 1296 publicanorum
527 1253 716 1295 quantam
742 1245 997 1283 acerbitatem
1021 1247 1170 1284 adferat
1198 1245 1313 1284 sociis
1343 1245 1528 1284 intellexi-

199 1324 285 1348 mus
316 1324 362 1348 ex
389 1310 538 1348 civibus
565 1309 633 1360 qui
659 1322 785 1359 nuper
811 1309 851 1347 in
876 1309 1055 1360 portoriis
1081 1310 1218 1348 Italiae
1243 1310 1425 1349 tollendis
1447 1325 1528 1350 non

200 1382 280 1413 tam
313 1376 362 1413 de
393 1374 567 1424 portorio
601 1388 721 1425 quam
759 1375 810 1413 de
841 1388 923 1413 non
954 1374 1069 1413 nullis
1108 1374 1255 1413 iniuriis
1294 1376 1526 1426 portitorum

198 1441 471 1490 querebantur.
533 1442 623 1488 Qua
654 1454 694 1478 re
728 1453 809 1478 non
844 1439 981 1489 ignoro
1012 1439 1108 1490 quid
1143 1440 1258 1479 sociis
1296 1440 1448 1479 accidat
1486 1441 1526 1479 in

141 1518 179 1539 20
197 1505 343 1544 ultimis
364 1505 483 1553 terris,
507 1520 598 1544 cum
619 1505 811 1544 audierim
832 1505 872 1543 in
900 1505 1013 1543 Italia
1035 1507 1211 1555 querelas
1232 1505 1386 1544 civium.
1446 1506 1527 1544 Hic

197 1579 235 1609 te
255 1571 308 1609 ita
327 1571 468 1609 versari
489 1579 531 1609 ut
552 1578 589 1609 et
613 1570 835 1621 publicanis
856 1570 947 1608 satis
968 1570 1097 1618 facias,
1121 1570 1344 1620 praesertim
1359 1571 1526 1620 publicis

196 1638 298 1675 male
318 1637 541 1687 redemptis,
558 1645 596 1675 et
617 1636 744 1675 socios
765 1636 890 1687 perire
910 1650 992 1675 non
1012 1636 1126 1684 sinas,
1145 1636 1300 1675 divinae
1320 1636 1525 1675 cuiusdam

195 1700 345 1739 virtutis
375 1715 460 1739 esse
489 1701 652 1749 videtur,
676 1701 717 1739 id
747 1708 805 1740 est
834 1708 934 1739 tuae.
1008 1703 1069 1739 Ac
1098 1701 1268 1751 primum
1299 1700 1458 1739 Graecis
1485 1701 1524 1739 id

195 1767 305 1816 quod
330 1765 630 1805 acerbissimum
660 1773 728 1814 est,
752 1767 862 1816 quod
888 1774 980 1804 sunt
1002 1766 1220 1816 vectigales,
1245 1779 1324 1803 non
1352 1766 1404 1803 ita
1423 1779 1525 1804 acer-

140 1844 176 1875 ²5
194 1831 292 1870 bum
331 1831 455 1870 videri
493 1832 623 1879 debet,
666 1839 873 1882 propterea
910 1832 1020 1881 quod
1063 1831 1148 1869 sine
1185 1830 1349 1881 irnperio
1387 1830 1524 1880 populi

196 1895 370 1934 Romani
407 1895 487 1934 suis
524 1895 711 1934 institutis
751 1909 820 1945 per
857 1909 899 1934 se
937 1895 1011 1945 ipsi
1049 1895 1102 1933 ita
1140 1897 1304 1932 fuerunt.
1365 1896 1522 1933 Nomen

194 1967 327 1998 autem
360 1959 561 2010 publicani
591 1959 788 2008 aspernari
819 1973 899 1997 non
931 1966 1105 2009 possunt,
1140 1958 1207 2008 qui
1241 1960 1412 2008 pendere
1449 1959 1523 2009 ipsi

195 2023 359 2072 vectigal
394 2023 477 2062 sine
508 2023 721 2073 publicano
755 2036 835 2060 non
869 2022 1066 2073 potuerint
1099 2024 1207 2071 quod
1236 2022 1281 2060 iis
1310 2023 1524 2072 aequaliter

196 2089 301 2126 Sulla
332 2088 589 2138 discripserat.
650 2090 742 2126 Non
774 2101 859 2126 esse
892 2095 1024 2126 autem
1056 2087 1221 2125 leniores
1252 2086 1292 2124 in
1323 2087 1522 2137 exigendis

137 2167 176 2197 30
193 2152 448 2202 vectigalibus
470 2155 643 2191 Graecos
663 2166 782 2202 quam
805 2160 958 2190 nostros
986 2151 1217 2202 publicanos
1238 2151 1330 2189 hinc
1350 2151 1521 2202 intellegi

195 2224 326 2267 potest
354 2218 464 2266 quod
491 2217 633 2256 Caunii
661 2230 786 2267 nuper
815 2230 1032 2266 omnesque
1057 2230 1103 2255 ex
1127 2216 1261 2254 insulis
1291 2229 1391 2266 quae
1412 2224 1521 2255 erant

197 2329 211 2349 1
238 2320 384 2349 omnium
405 2319 543 2350 Vrssnus
645 2330 665 2358 3
689 2319 791 2358 Atqui
807 2319 937 2350 Baiter:
963 2325 1063 2358 atque
1081 2319 1123 2348 M
1229 2331 1248 2357 4
1272 2319 1522 2350 adversabimur

196 2363 298 2392 Orelli
460 2374 481 2402 9
505 2363 683 2394 consulere
701 2363 861 2393 debemus
878 2366 948 2394 vett.
965 2374 971 2393 ε
998 2363 1211 2393 consulemus
1228 2361 1269 2391 M
1421 2372 1460 2392 12
1482 2372 1520 2392 se

193 2406 226 2436 F
224 2405 384 2436 acciolati:
401 2410 434 2436 te
449 2406 489 2435 M
496 2406 627 2437 Ernesti
700 2408 742 2437 26
758 2406 837 2437 item
848 2406 976 2445 Kayser
1060 2415 1101 2445 29
1118 2406 1334 2445 discripserat
1347 2404 1519 2436 Bucheler:

194 2449 417 2488 descripserat
434 2449 475 2479 M

1548 403 1583 430 11

1549 462 1586 492 32

1546 1191 1588 1222 33
