1871 2782
129 1001 145 1031 5

109 1325 148 1347 10

110 1978 148 2000 20

371 464 474 512 AD
525 462 867 525 QVINTVM
920 462 1280 510 FRATREM

607 608 778 645 LIBER.
806 607 1048 645 TERTIVS

207 707 230 742 I
590 710 659 742 Scr.
680 722 722 742 m.
742 709 827 751 Sept.
847 721 875 741 a.
895 720 953 749 700
971 709 1053 751 (54).

407 786 595 818 MARCVS
621 786 795 825 QVINTO
823 786 996 816 FRATRI
1023 785 1247 818 SALVTEM.

221 860 310 896 EGO
331 871 377 896 ex
398 858 548 908 magnis
569 858 762 896 caloribus
785 858 882 909 (non
903 857 1008 896 enim
1031 857 1282 896 meminimus
1304 856 1487 904 maiores)
1512 869 1525 891 x

166 922 206 960 in
221 922 402 972 Arpinati
422 936 576 961 summa
595 936 686 961 cum
706 922 944 961 amoenitate
965 922 1136 961 fluminis
1158 936 1220 961 me
1246 921 1360 960 refeci
1381 922 1490 960 ludo-

167 1000 252 1024 rum
273 986 424 1034 diebus,
449 987 661 1025 Philotimo
683 987 889 1026 tribulibus
911 987 1209 1026 commendatis.
1263 988 1311 1024 In
1333 988 1490 1024 Arcano

166 1065 198 1088 a.
222 1052 258 1089 d.
283 1063 345 1088 1111
369 1052 464 1089 Idus
493 1051 732 1102 Septembris
760 1051 824 1089 fui.
886 1051 948 1090 Ibi
974 1051 1212 1090 Mescidium
1240 1065 1331 1090 cum
1363 1051 1490 1088 Philo-

166 1130 267 1154 xeno
294 1130 527 1166 aquamque,
551 1131 669 1167 quarn
698 1117 723 1154 ii
750 1118 949 1155 ducebant
978 1130 1059 1154 non
1086 1118 1202 1166 longe
1222 1130 1244 1154 a
1264 1117 1364 1163 villa,
1388 1117 1489 1155 belle

166 1195 259 1220 sane
280 1183 466 1220 fluentem
488 1182 579 1228 vidi,
603 1182 828 1232 praesertim
850 1181 1019 1219 maxima
1045 1181 1230 1228 siccitate,
1254 1181 1489 1219 uberiorem-

167 1260 243 1296 que
263 1246 464 1296 aliquanto
485 1260 569 1284 sese
590 1248 836 1284 conlecturos
853 1259 938 1284 esse
959 1245 1154 1283 dicebant.
1199 1247 1319 1295 Apud
1335 1247 1489 1283 Herum

167 1318 269 1348 recte
290 1319 379 1348 erat.
443 1312 490 1348 In
519 1310 738 1348 Maniliano
762 1309 910 1348 offendi
933 1309 1138 1360 Diphilum
1161 1309 1324 1360 Diphilo
1351 1310 1491 1348 tardio-

166 1389 246 1413 rem
262 1390 272 1423 3
302 1377 371 1413 sed
396 1384 529 1414 tamen
556 1375 653 1413 nihil
682 1374 718 1414 ei
748 1376 917 1413 restabat
947 1383 1098 1425 praeter
1126 1374 1324 1413 balnearia
1348 1382 1386 1413 et
1412 1388 1491 1412 arn-

166 1441 408 1479 bulationem
435 1449 472 1479 et
498 1441 697 1479 aviarium.
746 1441 850 1479 Villa
871 1440 967 1478 mihi
987 1442 1100 1479 valde
1120 1440 1266 1490 placuit
1286 1449 1491 1490 propterea

167 1507 275 1555 quod
310 1519 504 1544 summam
540 1506 770 1556 dignitatern
805 1505 1071 1556 pavimentata
1104 1505 1276 1556 porticus
1306 1506 1488 1553 habebat,

168 1572 276 1620 quod
298 1570 393 1608 mihi
421 1585 527 1609 nunc
553 1571 725 1621 denique
749 1570 928 1621 apparuit
949 1578 1086 1621 postea
1107 1584 1225 1620 quam
1248 1578 1285 1608 et
1306 1570 1390 1620 ipsa
1409 1578 1492 1609 tota

168 1645 273 1687 patet
303 1645 340 1675 et
370 1638 578 1675 columnae
607 1637 752 1687 politae
782 1644 882 1675 sunt.
956 1638 1104 1674 Totum
1134 1636 1174 1674 in
1204 1650 1252 1674 eo
1282 1644 1349 1684 est,
1382 1638 1491 1686 quod

167 1701 263 1739 mihi
294 1701 364 1740 erit
396 1715 520 1749 curae,
553 1702 759 1740 tectorium
790 1709 833 1740 ut
867 1701 1107 1740 concinnum
1142 1701 1200 1739 sit.
1262 1702 1490 1740 Pavimenta

166 1776 269 1806 recte
298 1768 380 1806 fieri
400 1768 660 1815 videbantur3
689 1781 863 1806 cameras
890 1768 1081 1816 quasdam
1111 1780 1192 1804 non
1219 1766 1381 1816 probavi
1408 1780 1490 1804 mu-

167 1832 315 1883 tarique
350 1833 453 1872 iussi.
526 1835 618 1882 Quo
652 1835 741 1871 loco
775 1833 815 1870 in
850 1832 1002 1882 porticu
1036 1839 1074 1869 te
1109 1831 1276 1869 scribere
1310 1831 1418 1869 aiunt
1448 1840 1489 1869 ut
1512 1845 1526 1867 2

166 1897 347 1950 atriolum
382 1900 458 1945 fiat,
490 1898 587 1936 mihi
620 1905 662 1936 ut
696 1905 754 1936 est
793 1897 915 1946 magis
949 1896 1140 1946 placebat.
1213 1897 1356 1945 Neque
1384 1895 1490 1934 enim

167 1962 258 2000 satis
286 1963 361 2001 loci
392 1963 597 2001 videbatur
624 1976 709 2001 esse
735 1962 874 2000 atriolo
905 1975 1019 2010 neque
1046 1962 1124 1998 fere
1151 1962 1249 1998 solet
1277 1960 1350 1998 nisi
1378 1961 1417 1998 in
1445 1961 1490 1999 iis

166 2027 354 2065 aedificiis
375 2027 456 2066 fieri
478 2027 517 2065 in
538 2027 680 2077 quibus
702 2034 759 2065 est
779 2026 919 2064 atrium
942 2025 1066 2063 maius
1080 2039 1152 2063 nec
1173 2026 1317 2063 habere
1338 2033 1489 2075 poterat

166 2092 351 2131 adiuncta
380 2093 562 2131 cubicula
591 2100 629 2131 et
657 2092 740 2130 eius
771 2091 879 2129 modi
910 2091 1096 2129 membra.
1156 2092 1275 2128 Nunc
1303 2092 1402 2130 †hoc
1427 2093 1488 2130 vel

166 2158 371 2196 honestate
392 2157 598 2196 testudinis
618 2159 679 2196 vel
700 2158 812 2195 valde
842 2156 937 2195 boni
963 2155 1154 2194 aestivum
1181 2157 1313 2193 locum
1341 2156 1490 2194 obtine-

208 2260 323 2291 Huius
334 2261 485 2301 epistulae
500 2264 537 2298 ἐξ
556 2272 636 2300 1-14
650 2260 911 2299 (amoenitatem)
930 2263 965 2289 ut
976 2259 1052 2297 vid„
1070 2262 1151 2289 sunl
1160 2259 1276 2299 scn'pla
1288 2260 1322 2290 in
1334 2259 1367 2289 A
1373 2260 1495 2300 rpinali

165 2309 245 2334 mter
265 2316 295 2336 a.
312 2305 342 2335 d.
365 2305 436 2334 xvii
453 2309 482 2335 et
502 2305 563 2335 xiii
580 2305 622 2336 K.
652 2304 732 2339 Oct..
758 2307 794 2341 §fi
820 2313 924 2343 14-19
948 2303 1075 2333 Romae
1099 2313 1127 2333 a.
1143 2302 1174 2332 d.
1194 2305 1230 2332 xi
1247 2303 1303 2342 K.,
1325 2306 1361 2340 ἐξ
1383 2314 1489 2334 2οᾼ22

165 2347 282 2378 ibidem
299 2349 382 2378 inter
396 2359 425 2379 a.
440 2348 470 2379 d.
491 2349 528 2378 xi
541 2352 569 2378 cl
583 2348 614 2378 iv
631 2348 688 2384 K.,
707 2347 841 2386 denique
858 2350 895 2384 ἐξ
915 2356 1021 2386 23—25
1039 2347 1113 2376 item
1131 2346 1259 2376 Romae
1275 2357 1304 2377 a.
1321 2346 1349 2376 d.
1363 2347 1401 2376 iii
1413 2347 1443 2376 l<
1453 2371 1460 2377 .

209 2402 228 2429 4
253 2402 327 2421 cum
352 2394 552 2422 amoenitate
578 2396 646 2421 tum
671 2391 865 2422 salubritate
890 2391 1037 2421 fluminis
1055 2390 1186 2420 Ernesti
1314 2400 1355 2419 20
1379 2401 1488 2429 neque

165 2434 240 2465 add.
271 2438 339 2466 velt.
489 2445 530 2473 23
554 2435 732 2465 honestate
761 2434 820 2464 M:
855 2434 1018 2465 honestae
1046 2434 1092 2464 C:
1125 2433 1207 2464 haec
1234 2433 1286 2463 vel
1312 2433 1488 2464 honestate

167 2478 344 2509 testudinis
371 2478 468 2509 valde
497 2479 575 2509 boni
601 2478 718 2509 aestivi
747 2478 871 2509 Sclziilz
