1871 2782
300 159 354 198 II.
372 159 386 196 i
705 159 761 196 M.
793 159 962 196 TVLLI
993 158 1301 197 CICERONIS

336 281 417 307 non
447 268 486 306 in
516 268 622 308 diem
653 282 699 307 ex
728 268 792 307 die
826 268 946 307 dilata
979 276 1056 316 aut,
1088 283 1167 319 quo
1199 283 1245 307 ex
1276 277 1452 319 tempore
1487 277 1668 320 suscepta

336 340 427 371 sunt
447 340 489 371 ut
509 340 725 383 agerentur,
749 347 830 372 non
857 334 1008 372 tardata
1035 341 1072 372 et
1099 334 1391 384 procrastinata,
1414 335 1562 372 bellum
1589 334 1666 372 iam

292 399 488 438 2nullum
521 398 768 437 haberemus.
834 398 990 445 Omnia,
1026 400 1158 445 Brute,
1192 398 1365 448 praestiti
1397 398 1450 437 rei
1484 398 1666 449 publicae

335 476 436 513 quae
466 470 661 513 praestare
690 463 828 502 debuit
858 463 889 501 is
921 463 989 513 qui
1021 471 1122 502 esset
1152 467 1192 500 in
1222 477 1269 501 eo
1296 463 1335 501 in
1363 477 1443 513 quo
1475 477 1548 513 ego
1578 477 1664 501 sum

332 529 456 578 gradu
486 535 643 566 senatus
673 528 890 579 populique
914 528 1062 567 iudicio
1089 530 1329 576 conlocatus,
1353 542 1426 566 nec
1453 527 1518 566 illa
1544 530 1666 567 modo
1686 541 1703 572 5

334 605 436 642 quae
456 592 641 632 nimirum
663 595 746 632 sola
771 594 821 632 ab
842 593 1004 632 homine
1032 601 1123 632 sunt
1150 594 1398 644 postulanda,
1421 594 1553 641 fidem,
1576 593 1666 643 vigi-

333 658 506 706 lantiam,
536 658 683 709 patriae
713 658 925 697 caritatem.
988 660 1047 696 Ea
1076 666 1166 696 sunt
1196 658 1301 696 enim
1331 672 1433 708 quae
1462 672 1581 696 nemo
1609 666 1666 696 est

334 722 401 772 qui
428 737 509 762 non
539 730 734 773 praestare
764 723 919 761 debeat.
980 725 1065 773 Ego
1097 730 1229 761 autem
1262 722 1296 760 ei
1329 722 1396 772 qui
1430 722 1666 761 sententiam

334 787 440 826 dicat
467 787 506 825 in
536 787 779 838 principibus
808 788 858 826 de
888 801 928 826 re
952 787 1111 838 publica
1141 795 1238 837 puto
1268 787 1386 826 etiam
1415 787 1664 837 prudentiam

335 865 420 891 esse
440 854 717 903 praestandam
748 866 821 891 nec
849 866 923 899 me,
946 866 1037 890 cum
1059 852 1155 890 mihi
1182 859 1334 890 tantum
1362 852 1595 903 sumpserim
1624 860 1666 891 ut
1688 866 1726 888 10

334 918 600 968 gubernacula
629 917 683 956 rei
713 917 896 968 publicae
925 918 1221 967 prehenderem,
1255 917 1385 955 minus
1414 917 1582 967 putarim
1612 932 1667 956 re-

334 983 664 1033 prehendendum
693 981 723 1020 si
753 981 941 1020 inutiliter
969 981 1119 1032 aliquid
1150 981 1302 1020 senatui
1332 981 1520 1021 suaserim
1546 996 1666 1033 quam

334 1047 366 1086 si
393 1048 612 1087 infideliter.

291 1120 316 1157 3
389 1115 491 1151 Acta
511 1126 612 1163 quae
633 1112 710 1151 sint
738 1126 918 1163 quaeque
945 1120 1109 1163 agantur
1137 1112 1218 1152 scio
1246 1113 1433 1163 perscribi
1452 1114 1503 1152 ad
1525 1121 1562 1152 te
1583 1113 1665 1152 dili-

332 1185 493 1228 genter,
522 1192 568 1216 ex
589 1192 652 1216 me
672 1185 805 1216 autem
826 1177 923 1216 illud
948 1185 1005 1216 est
1026 1179 1134 1228 quod
1163 1186 1200 1216 te
1221 1177 1337 1216 velim
1365 1179 1510 1217 habere
1536 1178 1665 1229 cogni·
1687 1190 1721 1222 15

333 1250 430 1290 tum,
453 1257 585 1281 meum
608 1243 769 1293 quidem
797 1242 973 1281 animum
995 1242 1034 1280 in
1062 1243 1146 1281 acie
1174 1257 1260 1282 esse
1286 1257 1416 1293 neque
1443 1251 1664 1294 respectum

333 1309 456 1346 ullum
487 1321 673 1358 quaerere
704 1307 778 1346 nisi
809 1321 872 1346 me
901 1307 1046 1345 utilitas
1083 1307 1248 1346 civitatis
1278 1310 1377 1346 forte
1406 1306 1665 1356 converterit3

333 1372 490 1412 maioris
537 1380 670 1411 autem
718 1372 837 1423 partis
884 1371 1005 1410 animi
1050 1379 1089 1411 te
1128 1372 1390 1422 Cassiumque
1438 1372 1660 1423 respiciunt.

333 1439 465 1487 Quam
496 1439 547 1477 ob
578 1452 659 1476 rem
691 1437 743 1476 ita
772 1445 810 1476 te
839 1451 942 1488 para,
967 1439 1097 1484 Brute,
1122 1444 1164 1475 ut
1194 1437 1396 1488 intellegas
1425 1445 1502 1484 aut,
1526 1437 1556 1475 si
1587 1439 1663 1476 hoc

331 1510 509 1553 tempore
541 1503 642 1542 bene
677 1517 736 1541 res
770 1510 878 1553 gesta
911 1502 968 1549 sit,
1003 1502 1073 1540 tibi
1109 1502 1311 1540 meliorem
1347 1516 1428 1540 rem
1462 1501 1661 1552 publicam
1685 1517 1725 1538 20

331 1581 417 1606 esse
438 1568 659 1607 faciendam
680 1576 760 1616 aut,
777 1567 807 1606 si
829 1567 925 1618 quid
948 1569 1140 1606 offensum
1160 1569 1218 1616 sit,
1242 1581 1310 1618 per
1330 1575 1367 1606 te
1388 1581 1473 1606 esse
1494 1568 1662 1606 eandem

332 1632 638 1683 reciperandam.

375 1767 424 1801 II
648 1770 717 1802 52».
737 1770 866 1800 Romae
882 1770 978 1801 iiild.
998 1770 1084 1811 Apr.
1108 1781 1137 1801 α.
1161 1780 1216 1810 711
1236 1769 1316 1812 (45).

748 1846 925 1877 CICERO
951 1847 1110 1877 BRVTO
1137 1846 1235 1877 SAL.

296 1934 313 1960 1
387 1923 522 1962 Planci
569 1923 746 1962 animum
786 1923 825 1961 in
865 1937 945 1962 rem
986 1923 1186 1974 publicam
1225 1922 1438 1974 egregium,
1475 1923 1659 1974 legiones,
1685 1941 1723 1972 ²5

330 1987 483 2035 auxilia,
507 1988 640 2038 copias
670 2002 716 2027 ex
746 1988 881 2027 litteris
911 1988 995 2027 eius
1025 2002 1190 2038 quarum
1221 1991 1444 2038 exemplum
1475 1988 1546 2026 tibi
1576 1988 1664 2026 mis-

331 2067 418 2091 sum
465 2053 631 2092 arbitror
669 2053 888 2103 perspicere
932 2053 1104 2103 potuisti.
1175 2053 1330 2103 Lepidi,
1361 2053 1417 2091 tui
1456 2052 1660 2099 necessari,

331 2117 398 2168 qui
420 2119 640 2156 secundum
671 2120 827 2156 fratrem
854 2118 996 2156 adfinis
1024 2119 1143 2157 habet
1171 2132 1270 2168 quos
1297 2118 1422 2156 oderit
1451 2117 1660 2167 proximos,

332 2182 529 2222 levitatem
563 2191 600 2222 et
633 2183 937 2221 inconstantiam
972 2182 1229 2232 animumque
1267 2196 1421 2232 semper
1458 2182 1662 2220 inimicum

376 2299 394 2326 4
421 2287 453 2318 in
471 2287 547 2318 add.
569 2287 686 2319 Lamb.
784 2297 820 2326 15
846 2299 888 2318 cx
906 2298 958 2317 me
975 2288 1103 2329 autem]
1122 2293 1310 2318 extremum
1330 2286 1467 2327 llmdvzg
1568 2288 1605 2316 16
1630 2287 1661 2316 in

332 2332 402 2361 acic
420 2330 539 2361 Lamb.
558 2343 564 2361 :
590 2332 622 2361 in
640 2332 744 2361 aciem
764 2331 850 2362 Crat.
869 2343 875 2362 ε
900 2332 1064 2361 intentum
1083 2331 1115 2360 in
1133 2331 1239 2361 aciem
1257 2330 1379 2360 Mallcr
1469 2331 1506 2362 18
1530 2331 1663 2361 maioris

333 2397 340 2404 .
371 2398 377 2404 .
408 2398 414 2405 .
437 2375 541 2413 partis
559 2374 682 2405 Raeto:
711 2375 877 2405 maiores.
907 2398 914 2405 .
945 2399 952 2405 .
975 2379 1089 2414 partes
1108 2375 1194 2405 Crat.
