1871 2782
270 136 324 173 11.
342 134 389 171 ix
707 132 762 168 M.
795 131 963 168 TVLLI
994 131 1300 170 CICERONIS

334 243 482 293 putabo
530 241 560 280 si
615 241 771 280 Sallusti
822 243 1091 292 Empedoclea
1138 241 1286 292 legeris,
1336 241 1539 281 hominem
1587 256 1667 281 non

335 308 495 358 putabo.

376 424 418 458 X
615 425 683 458 Sca».
702 426 831 457 Romae
845 426 958 457 Idibus
973 426 1156 457 Februariis
1170 437 1199 457 rr.
1221 436 1280 466 7⁰0
1297 426 1383 468 (54).

573 502 763 534 MARCVS
788 503 966 542 QVINTO
994 503 1169 534 FRATRI
1196 502 1425 534 SALVTEM.

302 594 319 620 1
392 583 559 621 Gaudeo
604 581 675 620 tibi
713 565 905 619 iucundas
943 594 1028 620 esse
1076 595 1182 620 meas
1221 581 1377 628 litteras,
1419 594 1493 620 nec
1532 588 1700 628 tamen5

336 646 563 685 habuissem
593 646 790 685 scribendi
815 659 920 684 nunc
948 646 1109 695 quidem
1137 647 1261 684 ullum
1287 653 1563 696 argumentum
1590 646 1664 684 nisi

334 718 420 749 tuas
446 710 697 760 accepissem,
759 711 863 748 Nam
893 709 1018 760 pridie
1047 711 1154 757 Idus,
1180 724 1272 748 cum
1298 710 1453 760 Appius
1483 719 1663 749 senatum

334 776 622 826 infrequentem
651 774 854 824 coegisset,
887 782 1040 812 tantum
1074 775 1146 813 fuit
1180 775 1298 825 frigus
1328 783 1371 813 ut
1403 776 1542 826 populi
1573 789 1664 814 con-

291 841 434 880 2vicio
472 848 632 879 coactus
671 840 719 878 sit
757 854 830 878 nos
868 840 1074 878 dimittere.
1141 842 1203 878 De
1235 841 1520 890 Commageno,
1553 842 1662 891 quod

333 919 414 944 rem
441 912 564 944 totam
591 905 862 952 discusseram,
887 904 1049 943 mirifice
1076 904 1172 942 mihi
1193 912 1231 943 et
1252 918 1320 955 per
1340 919 1382 944 se
1402 913 1440 944 et
1459 919 1529 956 per
1549 908 1663 945 Pom·
1684 925 1722 948 10

333 971 497 1021 ponium
524 971 724 1010 blanditur
750 970 929 1020 Appius3
958 970 1065 1008 videt
1092 970 1208 1018 enim,
1232 971 1308 1009 hoc
1334 984 1476 1021 genere
1503 971 1662 1010 dicendi

333 1036 364 1075 si
392 1045 476 1075 utar
504 1037 544 1075 in
575 1037 722 1084 ceteris,
747 1035 1003 1075 Februarium
1033 1036 1204 1074 sterilem
1233 1037 1418 1075 futurum.
1479 1038 1662 1088 Eumque

333 1102 407 1141 lusi
427 1102 559 1141 iocose
586 1103 677 1141 satis
698 1116 828 1152 neque
852 1104 980 1140 solum
1008 1101 1105 1140 illud
1132 1101 1275 1141 extorsi
1298 1102 1534 1152 oppidulum
1555 1104 1663 1153 quod

333 1176 414 1207 erat
451 1169 624 1218 positum
662 1168 702 1206 in
735 1167 927 1218 Euphrati
956 1169 1171 1217 Zeugmate
1200 1169 1270 1206 sed
1301 1176 1502 1218 praeterea
1531 1176 1663 1219 togam

334 1248 421 1273 sum
451 1234 533 1273 eius
568 1242 807 1285 praetextam
841 1247 959 1284 quam
990 1241 1071 1272 erat
1103 1235 1270 1284 adeptus
1304 1235 1472 1287 Caesare
1501 1236 1664 1274 consule
1686 1250 1721 1280 15

291 1314 478 1351 3magno
515 1300 722 1338 hominum
761 1299 838 1337 risu
876 1299 1087 1338 cavillatus.
1161 1301 1304 1349 ‘Quod
1342 1301 1448 1347 vult,'
1487 1300 1659 1350 inquam,

337 1365 535 1404 ‘renovari
568 1366 737 1403 honores
772 1365 944 1412 eosdem,
979 1378 1059 1414 quo
1094 1364 1222 1402 minus
1257 1372 1388 1414 togam
1423 1372 1662 1414 praetextam

333 1430 544 1481 quotannis
571 1430 779 1479 interpolet
800 1431 1096 1468 decernendum
1117 1430 1214 1468 nihil
1235 1443 1404 1477 censeo3
1433 1444 1503 1468 vos
1530 1438 1662 1469 autem

333 1496 514 1535 homines
536 1496 699 1542 nobiles,
716 1495 783 1545 qui
801 1498 1036 1533 Bostrenum
1058 1503 1342 1545 praetextatum
1364 1509 1446 1533 non
1466 1495 1659 1543 ferebatis,

334 1562 649 1611 Commagenum
684 1560 865 1599 feretis?’
935 1562 1071 1599 Genus
1104 1560 1214 1599 vides
1248 1568 1287 1599 et
1320 1562 1453 1599 locum
1491 1560 1659 1599 iocandi.
1683 1576 1722 1597 20

334 1627 463 1664 Multa
491 1625 571 1664 dixi
598 1625 637 1663 in
667 1625 881 1675 ignobilem
912 1639 1043 1675 regem
1072 1625 1216 1675 quibus
1246 1633 1350 1663 totus
1381 1633 1440 1663 est
1465 1627 1659 1675 explosus.

334 1693 426 1740 Quo
446 1705 587 1741 genere
608 1699 842 1739 commotus,
866 1698 908 1728 ut
935 1690 1025 1738 dixi,
1048 1691 1201 1741 Appius
1226 1698 1352 1729 totum
1380 1704 1444 1729 me
1469 1692 1663 1741 amplexa-

333 1764 419 1804 tur3
456 1756 553 1794 nihil
583 1763 641 1794 est
670 1755 775 1794 enim
805 1755 956 1793 facilius
988 1769 1107 1805 quam
1138 1755 1288 1805 reliqua
1318 1755 1524 1793 discutere.
1584 1755 1662 1793 Sed

334 1835 415 1860 non
442 1821 583 1860 faciam
603 1828 646 1859 ut
672 1820 782 1858 illum
810 1822 1009 1858 offendam

978 1899 1028 1923 ne
1057 1885 1238 1935 implore‘t
1266 1887 1387 1924 fidem
1683 1891 1721 1923 ²5

522 1950 627 1990 Iovis
658 1950 890 2001 Hospitalis,
923 1950 1062 1989 Graios
1092 1950 1221 1989 omnis
1250 1950 1453 1998 convocet,

334 2032 402 2068 per
431 2030 530 2067 quos
560 2030 717 2055 mecum
747 2016 787 2053 in
817 2016 979 2065 gratiam
1009 2015 1133 2054 rediit.

290 2097 317 2135 4
389 2084 653 2132 Theopompo
680 2081 772 2119 satis
799 2081 998 2120 faciemus.
1060 2083 1122 2119 De
1150 2082 1317 2121 Caesare
1344 2083 1493 2132 fugerat
1519 2095 1583 2120 me
1611 2083 1662 2121 ad

377 2188 398 2217 8
423 2187 537 2227 populi
555 2185 614 2216 M:
639 2186 752 2226 pipulo
776 2186 916 2227 YJyrrell:
941 2186 1106 2217 communi
1124 2186 1207 2216 Boot
1320 2197 1341 2224 9
1366 2186 1408 2215 sit
1425 2184 1480 2214 M‘2
1497 2197 1503 2215 t
1528 2186 1590 2215 iste
1608 2183 1660 2214 Ml

338 2241 375 2269 13
400 2230 527 2260 extorsi
545 2230 576 2260 ei
592 2241 672 2270 opp.
685 2231 774 2270 quod
792 2235 863 2261 erat
881 2231 930 2260 vel
944 2230 1071 2261 extorsi
1085 2240 1163 2269 opp.
1181 2230 1267 2269 quod
1286 2229 1358 2259 eius
1375 2233 1459 2267 erat,
1476 2228 1665 2268 chsenberg

338 2285 375 2312 14
401 2274 564 2313 Euphrati
581 2274 641 2304 M:
664 2274 835 2313 Euphrate
848 2274 941 2305 Man.
1024 2274 1207 2311 Zeugmate
1221 2273 1284 2303 cod.
1299 2272 1374 2305 Pa.'.
1386 2284 1404 2311 4
1423 2284 1429 2303 z
1451 2277 1484 2302 et
1497 2272 1661 2311 Eugmate

336 2316 394 2346 M:
418 2317 565 2356 Zeugma
585 2318 700 2349 Lamb.
838 2320 877 2348 16
901 2318 999 2356 Quod
1017 2328 1082 2348 non
1102 2317 1170 2346 vult
1187 2315 1306 2347 Lamb.
1444 2326 1479 2354 17
1506 2315 1660 2346 renovari

336 2360 455 2391 Oraellt:
490 2372 560 2391 —are
588 2360 629 2389 M
775 2372 813 2400 19
837 2362 893 2401 qui
923 2362 1125 2391 Bostrenum
1157 2360 1277 2390 Orelli:
1312 2360 1367 2398 qui
1397 2359 1588 2390 Busrenum
1615 2359 1661 2389 C:
1856 2353 1863 2399 ἢ

334 2404 453 2442 quibus
471 2405 611 2434 rhenum
629 2402 670 2433 M
799 2406 906 2443 2526
933 2404 1051 2434 Versus
1066 2407 1272 2444 agnoverunt
1288 2403 1444 2433 Bz'r'clzelcr
1456 2401 1575 2442 Haupt
1861 2401 1867 2561 k
