1871 2782
416 173 527 210 EPP.
559 173 637 209 AD
668 173 933 221 QVINTVM
967 172 1239 209 FRATREM
1442 172 1553 210 III.i

165 297 249 331 nec,
285 283 315 322 si
354 285 473 322 ullam
512 290 660 333 partem
699 282 886 321 libertatis
925 283 1080 330 tenebo,
1122 283 1309 332 proficiet.
1379 284 1486 321 Tuas

164 349 309 387 litteras
339 350 591 387 vehementer
619 354 813 397 exspecto
874 348 994 395 Quod
1029 347 1165 385 scribis
1197 355 1232 386 te
1261 347 1417 386 audisse
1447 347 1486 384 in
1509 350 1548 382 16

164 413 465 452 candidatorum
486 411 747 451 consularium
769 410 940 449 coitione
958 425 1020 449 me
1040 411 1272 459 interfuisse,
1286 412 1325 450 id
1347 414 1487 450 falsum

164 486 232 516 est.
293 478 388 516 Eius
410 477 516 515 modi
541 476 646 514 enirn
674 475 875 526 pactiones
900 475 940 512 in
964 489 1010 513 ea
1033 475 1205 513 coitione
1232 477 1357 514 factae
1384 483 1485 522 sunt,

126 556 143 586 5
165 555 261 591 quas
291 550 427 592 postea
458 540 672 579 Memmius
701 539 895 589 patefecit,
924 546 966 577 ut
995 552 1114 577 nemo
1144 540 1271 577 bonus
1301 540 1487 578 interesse

164 607 354 654 debuerit,
395 614 432 645 et
470 605 584 644 simul
623 604 719 642 mihi
759 604 1088 643 committendum
1126 618 1207 642 non
1247 604 1319 642 fuit
1357 613 1399 643 ut
1441 604 1487 642 iis

164 671 400 710 coitionibus
430 671 657 709 interessem
689 669 832 719 quibus
864 671 1035 707 Messala
1073 670 1352 708 excluderetur.
1412 669 1488 709 Cui

164 735 325 785 quidem
346 737 599 774 vehementer
628 734 719 772 satis
749 734 850 772 facio
877 734 991 772 rebus
1022 733 1217 780 omnibus,
1242 741 1283 771 ut
1310 733 1485 779 arbitror,

164 799 281 837 etiam
304 800 508 838 Memmio.
569 799 748 838 Domitio
775 799 849 849 ipsi
879 800 1001 836 multa
1027 798 1104 836 iam
1133 798 1207 836 feci
1237 812 1338 848 quae
1366 799 1488 837 voluit

107 880 145 902 10
164 877 344 914 quaeque
364 879 387 902 a
408 878 470 902 me
491 864 638 914 petivit.
689 866 877 902 Scaurum
899 863 1092 902 beneficio
1113 863 1353 902 defensionis
1374 865 1488 902 valde

164 928 344 978 obligavi.
404 930 548 967 Adhuc
569 936 649 967 erat
670 930 783 967 valde
805 928 997 967 incertum
1018 935 1055 967 et
1077 929 1237 978 quando
1264 928 1424 967 comitia
1450 936 1488 967 et

164 993 231 1043 qui
253 994 435 1031 consules
456 992 573 1031 futuri
594 1000 735 1031 essent.

218 1059 320 1097 Cum
345 1059 448 1096 hanc
475 1058 552 1096 iam
579 1058 785 1108 epistulam
814 1058 1102 1107 complicarem,
1124 1058 1313 1096 tabellarii
1333 1072 1356 1096 a
1375 1058 1486 1097 vobis
1509 1070 1547 1106 17

163 1130 354 1161 venerunt
383 1136 414 1160 a.
439 1124 475 1161 d.
499 1135 542 1160 xl
574 1125 622 1160 K.
653 1122 821 1172 septimo
852 1122 1039 1161 vicesimo
1070 1122 1144 1161 die.
1215 1124 1251 1161 O
1287 1136 1350 1161 me
1387 1123 1488 1161 solli-

108 1204 144 1235 15
165 1188 311 1226 citum!
345 1195 536 1238 quantum
561 1200 633 1237 ego
661 1187 770 1225 dolui
798 1187 836 1224 in
860 1186 1036 1226 Caesaris
1063 1186 1301 1225 suavissimis
1329 1187 1487 1225 litteris!

165 1254 243 1291 Sed
273 1266 353 1302 quo
387 1259 495 1290 erant
526 1251 734 1298 suaviores,
767 1264 814 1289 eo
849 1251 1037 1290 maiorem
1071 1253 1249 1290 dolorem
1288 1251 1390 1289 illius
1425 1251 1488 1290 ille

164 1331 276 1355 casus
296 1310 508 1355 adferebat.
559 1317 638 1354 Sed
657 1317 708 1354 ad
729 1323 815 1354 tuas
835 1316 951 1354 venio
972 1316 1127 1355 litteras.
1185 1315 1360 1354 Primum
1381 1324 1489 1354 tuam

164 1381 451 1420 remansionem
473 1380 590 1419 etiam
617 1388 736 1430 atque
763 1380 881 1418 etiam
908 1381 1045 1430 probo,
1068 1381 1295 1430 praesertim
1322 1395 1424 1428 cum,
1447 1389 1489 1419 ut

164 1446 311 1494 scribis,
340 1460 430 1484 cum
461 1447 628 1485 Caesare
658 1445 970 1483 communicaris.
1030 1445 1207 1495 Oppium
1237 1445 1354 1484 miror
1383 1445 1489 1495 quic-

107 1528 146 1550 20
165 1525 282 1561 quam
317 1525 407 1549 cum
435 1510 576 1548 Publio
591 1525 601 1558 ;
641 1510 737 1547 mihi
768 1509 873 1548 enim
906 1524 986 1548 non
1016 1512 1223 1560 placuerat.
1284 1511 1405 1559 Quod
1434 1510 1488 1547 in·
1510 1515 1547 1546 18

166 1576 303 1614 teriore
337 1575 503 1625 epistula
531 1574 681 1623 scribis,
710 1589 773 1613 me
804 1575 943 1614 Idibus
974 1575 1269 1625 Septembribus
1298 1574 1489 1625 Pompeio

164 1643 334 1691 legatum
355 1640 409 1687 iri,
432 1640 473 1678 id
494 1654 566 1690 ego
587 1654 668 1678 non
687 1640 820 1678 audivi
841 1640 1055 1690 scripsique
1074 1641 1125 1678 ad
1147 1642 1355 1680 Caesarem
1377 1653 1492 1689 neque

163 1705 381 1743 Vibullium
397 1705 573 1744 Caesaris
595 1706 781 1743 mandata
797 1706 846 1743 de
860 1719 948 1743 mea
968 1705 1172 1744 mansione
1188 1707 1238 1743 ad
1255 1705 1490 1755 Pompeium

163 1770 366 1821 pertulisse
397 1784 471 1808 nec
501 1770 688 1820 Oppium.
749 1767 842 1818 Quo
871 1770 1068 1808 consilio?
1126 1772 1379 1819 Quamquam
1411 1771 1490 1819 Op-

106 1852 144 1883 25
164 1835 273 1886 pium
297 1849 370 1885 ego
397 1835 505 1873 tenui
534 1836 642 1884 quod
669 1834 816 1884 priores
843 1842 971 1884 partes
992 1834 1141 1872 Vibulli
1168 1842 1276 1872 erant
1291 1849 1300 1882 3
1331 1848 1420 1872 cum
1441 1847 1489 1872 eo

164 1900 269 1939 enim
290 1913 421 1938 coram
439 1901 583 1938 Caesar
603 1907 743 1949 egerat,
766 1901 817 1937 ad
835 1899 1011 1948 Oppium
1032 1899 1245 1948 scripserat.
1298 1900 1382 1948 Ego
1397 1912 1489 1937 vero

164 1967 289 2003 nullas
317 1965 481 2014 δευτέρας
507 1965 703 2014 φροντίδας
729 1965 873 2002 habere
901 1977 1062 2013 possum
1089 1963 1129 2001 in
1155 1962 1330 2002 Caesaris
1360 1963 1486 2001 rebus.

166 2031 238 2068 Ille
258 2029 355 2067 mihi
385 2029 604 2067 secundum
624 2036 663 2066 te
683 2036 721 2066 et
741 2028 883 2066 liberos
909 2035 1062 2066 nostros
1083 2027 1136 2065 ita
1156 2035 1213 2066 est
1234 2035 1276 2065 ut
1296 2027 1344 2065 sit
1364 2040 1489 2076 paene

164 2108 242 2145 par.
303 2093 452 2132 Videor
472 2093 512 2131 id
533 2093 679 2132 iudicio
699 2094 826 2132 facere
840 2108 850 2141 3
880 2092 957 2131 iam
978 2092 1083 2132 enim
1104 2092 1247 2140 debeo,
1267 2093 1335 2131 sed
1357 2099 1489 2131 tamen

108 2174 147 2205 30
165 2172 297 2197 amore
318 2172 404 2196 sum
425 2157 617 2197 incensus.

210 2271 248 2299 14
273 2261 416 2301 septimo
433 2260 548 2293 Bardi.
566 2261 634 2292 coll.
658 2264 672 2298 ,δ
692 2271 754 2300 25:
778 2262 957 2301 septembr.
978 2261 1019 2291 Μ
1136 2262 1175 2291 16
1199 2262 1258 2291 sed
1277 2260 1336 2291 M:
1360 2260 1487 2291 scilicet

164 2303 281 2335 Lamb.
417 2315 458 2335 20
482 2305 641 2335 inferiore
658 2304 817 2345 Pluygers
919 2315 960 2335 22
985 2315 1096 2343 neque
1113 2305 1187 2335 add.
1207 2305 1345 2344 Madvzg
1445 2314 1487 2342 24

166 2348 313 2388 Oppium
338 2347 494 2388 Madvig:
520 2349 562 2378 ad
587 2348 734 2387 Oppium
760 2348 901 2388 Mvulg.
994 2348 1069 2386 Quo
1086 2348 1225 2379 consilio
1246 2349 1361 2378 nescio
1382 2347 1488 2378 Boot:

154 2391 234 2430 sort.
266 2401 327 2422 nec
356 2391 528 2432 Oppium3
563 2401 763 2432 quamquam
790 2392 938 2432 Oppium
970 2402 1034 2431 ego
1062 2392 1164 2423 tenui.
1218 2391 1294 2430 Quo
1327 2391 1488 2423 consilio?

165 2434 263 2473 Quod
281 2437 343 2467 &c.
