1871 2782
422 210 534 248 EPP.
565 209 644 246 AD
674 208 942 256 QVINTVM
974 209 1248 247 FRATREM
1446 210 1475 246 Ι.
1494 209 1523 246 ii

168 318 348 367 voluisse,
371 321 473 357 ultro
497 331 615 369 quem
635 318 851 356 adductum
877 316 916 355 in
944 317 1133 356 iudicium
1156 318 1317 357 sortasse
1349 317 1493 357 dimitti

168 398 250 422 non
270 391 504 434 oportuerat,
523 382 700 433 conquiri
716 397 807 421 vero
828 389 866 420 et
886 382 973 421 elici
989 382 1201 430 blanditiis,
1219 391 1262 421 ut
1282 391 1323 421 tu
1344 382 1490 429 scribis,

167 450 218 487 ad
249 448 439 487 iudicium
477 461 637 487 necesse
675 460 756 486 non
787 447 868 494 fuit,
905 461 996 485 eum
1030 447 1254 497 praesertim
1290 447 1492 486 hominem

168 527 286 563 quem
311 527 384 563 ego
410 520 449 551 et
474 526 521 551 ex
547 511 627 557 suis
646 511 795 550 civibus
816 519 854 550 et
875 525 922 550 ex
942 512 1074 550 multis
1100 511 1184 550 aliis
1204 512 1349 551 cotidie
1371 512 1492 563 magis

130 591 147 622 5
167 592 366 628 cognosco
386 577 620 616 nobiliorem
641 590 726 616 esse
746 590 868 627 prope
889 590 1008 627 quam
1036 577 1233 615 civitatem
1258 590 1378 615 suam.
1439 580 1491 615 At
1512 583 1531 614 6

167 644 272 682 enim
294 643 453 682 Graecis
473 642 565 681 solis
592 642 788 692 indulgeo.
849 642 988 690 Quid?
1044 643 1087 680 L.
1112 642 1328 681 Caecilium
1358 654 1492 681 nonne

166 708 276 746 omni
295 708 445 747 ratione
460 707 641 758 placavi?
688 721 806 757 quern
821 707 1037 754 hominem,
1056 720 1134 757 qua
1153 706 1217 754 ira,
1238 720 1317 757 quo
1332 706 1466 757 spiritu
1483 710 1490 745 1

167 787 285 823 quem
315 773 488 823 denique
514 780 665 823 praeter
694 772 937 811 Tuscenium
968 771 1079 810 cuius
1107 785 1225 810 causa
1254 772 1380 810 sanari
1411 786 1492 811 non

165 845 296 887 potest
333 852 414 877 non
453 837 655 888 mitigavi?
712 839 816 876 Ecce
844 851 960 888 supra
998 844 1115 888 caput
1153 838 1276 876 homo
1314 837 1408 876 levis
1446 851 1492 876 ac

109 916 147 939 10
165 902 346 941 sordidus
379 904 449 941 sed
480 910 612 943 tamen
651 902 821 953 equestri
859 916 990 949 censu,
1026 902 1224 942 Catienus.
1296 902 1425 941 Etiam
1460 902 1491 941 is

164 966 340 1005 lenietur.
414 967 537 1007 Cuius
572 974 614 1006 tu
652 967 691 1005 in
730 974 879 1017 patrem
914 968 1023 1017 quod
1061 967 1167 1005 fuisti
1201 966 1373 1017 asperior
1410 980 1491 1005 non

164 1034 410 1082 reprehendo
425 1047 435 1080 ;
475 1040 582 1071 certo
611 1032 717 1070 enim
747 1031 828 1070 scio
858 1039 896 1070 te
926 1031 1064 1070 fecisse
1094 1045 1184 1069 cum
1215 1044 1342 1069 causa.
1413 1032 1491 1070 Sed

164 1096 261 1147 quid
299 1111 397 1147 opus
429 1097 500 1135 fuit
533 1096 616 1135 eius
648 1096 758 1134 modi
791 1095 926 1134 litteris
964 1109 1061 1145 quas
1095 1097 1146 1134 ad
1177 1095 1304 1145 ipsum
1340 1094 1488 1141 misisti,

168 1161 300 1200 ‘illum
324 1176 481 1200 crucem
508 1161 581 1200 sibi
610 1161 739 1211 ipsum
769 1160 1018 1207 constituere,
1041 1173 1087 1198 ex
1114 1174 1192 1209 qua
1217 1167 1258 1198 tu
1285 1173 1375 1198 eum
1400 1167 1491 1199 ante

108 1240 145 1272 15
165 1227 422 1275 detraxisses3
469 1234 506 1265 te
548 1233 773 1264 curaturum
816 1226 926 1263 sumo
969 1232 1011 1262 ut
1051 1224 1345 1263 combureretur
1386 1226 1491 1274 plau-

164 1294 284 1331 dente
313 1299 395 1330 tota
423 1290 674 1341 provincia'?
744 1289 853 1338 Quid
882 1303 974 1328 vero
1002 1290 1053 1327 ad
1084 1291 1127 1329 C.
1161 1289 1327 1327 Fabium
1358 1289 1491 1329 nescio

163 1370 283 1407 quem
315 1356 424 1408 (nam
458 1370 545 1395 eam
584 1368 744 1406 quoque
778 1355 986 1405 epistulam
1025 1356 1070 1393 T.
1108 1353 1295 1394 Catienus
1330 1354 1492 1393 circum-

161 1421 316 1473 gestat),
343 1420 576 1460 ‘renuntiari
600 1420 671 1459 tibi
699 1419 895 1458 Licinium
918 1419 1146 1470 plagiarium
1168 1433 1257 1458 cum
1286 1433 1357 1458 suo
1382 1421 1490 1470 pullo

163 1487 327 1526 milvino
364 1486 509 1525 tributa
546 1485 751 1536 exigere'?
820 1484 976 1523 Deinde
1015 1498 1126 1534 rogas
1166 1484 1331 1523 Fabium
1370 1491 1413 1522 ut
1452 1492 1489 1523 et

105 1571 145 1593 20
162 1560 314 1603 patrem
341 1559 379 1591 et
406 1551 529 1589 filium
552 1551 662 1590 vivos
686 1551 893 1589 comburat
923 1549 955 1588 si
979 1549 1101 1600 possit
1115 1564 1125 1598 3
1155 1548 1187 1587 si
1213 1549 1353 1597 minus,
1376 1550 1427 1588 ad
1452 1557 1489 1589 te

163 1617 292 1656 mittat
324 1616 381 1655 uti
412 1616 559 1655 iudicio
590 1616 880 1655 comburantur.
952 1616 1034 1653 Eae
1065 1615 1213 1654 litterae
1243 1614 1314 1653 abs
1345 1621 1383 1653 te
1421 1616 1490 1664 per

162 1683 295 1722 iocum
315 1682 457 1721 missae
476 1683 528 1721 ad
549 1683 593 1721 C.
611 1681 789 1728 Fabium,
812 1680 845 1719 si
866 1681 988 1719 modo
1013 1689 1103 1718 sunt
1123 1687 1222 1726 tuae,
1246 1693 1337 1718 cum
1357 1681 1488 1730 legun-

161 1756 234 1796 tur,
266 1747 500 1786 invidiosam
528 1746 774 1786 atrocitatem
803 1746 1011 1784 verborum
1041 1745 1198 1783 habent.
1258 1745 1318 1782 Ac
1347 1743 1378 1782 si
1407 1751 1523 1785 oni-7

162 1812 273 1851 nium
303 1826 478 1851 mearum
502 1819 710 1862 praecepta
740 1811 954 1850 litterarum
984 1816 1146 1859 repetes,
1172 1808 1373 1859 intelleges
1403 1821 1488 1847 esse

105 1895 143 1928 25
162 1878 261 1916 nihil
291 1892 315 1916 a
345 1892 408 1916 me
439 1877 514 1915 nisi
545 1877 731 1916 orationis
758 1876 1011 1915 acerbitatem
1042 1882 1080 1912 et
1111 1873 1352 1912 iracundiam
1380 1880 1429 1920 et,
1458 1872 1489 1910 si

162 1945 271 1990 forte,
294 1956 379 1981 raro
408 1942 622 1980 litterarum
650 1941 855 1979 missarum
884 1938 1168 1989 indiligentiam
1198 1938 1485 1987 reprehensam.

164 2007 320 2056 Quibus
351 2007 514 2056 quidem
545 2007 586 2044 in
617 2007 732 2045 rebus
764 2005 795 2043 si
825 2006 932 2055 apud
966 2012 1004 2042 te
1038 2004 1125 2052 plus
1158 2001 1367 2040 auctoritas
1402 2015 1490 2040 mea

163 2086 283 2122 quam
315 2080 381 2110 tua
412 2073 492 2111 sive
523 2080 661 2110 natura
687 2073 805 2122 paulo
834 2070 957 2109 acrior
987 2069 1067 2107 sive
1097 2068 1291 2118 quaedam
1318 2068 1489 2106 dulcedo

164 2137 389 2176 iracundiae
408 2138 490 2176 sive
509 2137 669 2176 dicendi
689 2138 745 2175 sal
771 2135 1013 2184 facetiaeque
1033 2132 1255 2178 valuissent,
1278 2131 1374 2169 nihil
1396 2145 1489 2170 sane

104 2218 148 2250 30
164 2210 266 2241 esset
293 2204 402 2252 quod
431 2216 503 2240 nos
533 2201 757 2252 paeniteret.
818 2201 869 2238 Et
899 2197 1087 2237 mediocri
1118 2210 1180 2235 me
1209 2197 1346 2235 dolore
1374 2203 1488 2245 putas

211 2318 223 2338 1
250 2307 338 2338 ultro
363 2306 417 2337 R:
452 2306 539 2337 ultra
570 2305 641 2346 (scd
661 2306 744 2336 linea
767 2302 942 2340 subducta)
970 2301 1024 2333 M:
1061 2301 1147 2332 ultro
1167 2304 1243 2341 post
1258 2311 1337 2331 vero
1362 2304 1484 2338 transl).

168 2350 357 2390 Wesenberg
443 2359 462 2388 5
488 2360 563 2380 esse
579 2359 679 2388 quam
698 2359 757 2387 pro
774 2347 906 2378 civitate
924 2356 982 2376 sua
1000 2344 1215 2385 Slznckbuvglz
1318 2353 1355 2382 15
1381 2343 1486 2383 sumo]

164 2395 261 2424 furno
283 2393 438 2424 Vrsinus:
463 2393 497 2423 in
516 2393 613 2423 furno
636 2391 826 2431 lVesenbe›g
927 2390 967 2419 16
990 2388 1078 2427 Quid
1096 2390 1199 2419 vero?
1224 2387 1278 2418 Ad
1301 2387 1491 2426 li'esenbcrg

164 2448 205 2475 24
230 2447 378 2467 mearum
395 2437 505 2475 vulg:
540 2445 669 2466 mecum
688 2433 783 2465 MR:
819 2442 966 2464 mearum
991 2437 1101 2463 tecum
1128 2431 1317 2472 W’eseubmg
1447 2439 1488 2469 30

166 2480 226 2521 Et]
245 2480 313 2511 Sed
335 2479 526 2520 lVeseuberg
