1871 2782
423 188 534 226 EPP.
566 188 644 224 AD
675 185 944 235 QVINTVM
976 184 1252 223 FRATREM
1455 183 1532 220 111.
1550 181 1596 218 iv

167 295 396 349 diligentem
434 311 516 338 non
553 303 727 348 possunt.
787 295 1010 346 Chrysippo
1048 302 1181 334 tamen
1219 294 1423 346 imperabo
1461 301 1499 332 et

167 376 258 402 cum
285 362 537 413 Tyrannione
556 364 703 412 loquar.
764 361 826 398 De
847 361 943 398 fisco
967 359 1063 410 quid
1090 359 1210 410 egerit
1233 359 1365 410 Scipio
1385 370 1500 409 quae-

167 441 278 476 ram3
317 429 426 478 quod
454 426 651 467 videbitur
677 433 827 464 rectum
858 438 943 463 esse
968 425 1123 463 curabo.
1185 426 1247 463 De
1273 423 1499 462 Ascanione

167 500 209 531 tu
229 505 322 531 vero
350 493 458 543 quod
484 493 592 530 voles
612 490 729 529 facies
744 503 754 538 3
783 503 847 528 me
876 488 974 527 nihil
1001 487 1221 539 interpono,
1282 490 1344 526 De
1365 488 1501 526 subur-

131 570 149 602 5
168 558 274 596 bano
295 558 404 608 quod
433 570 513 595 non
536 569 721 607 properas
750 557 869 595 laudo
884 570 895 604 ;
934 563 976 594 ut
1002 555 1150 594 habeas
1179 556 1324 593 hortor.
1385 556 1499 592 Haec
1519 554 1546 591 6

170 621 306 672 scripsi
326 636 358 661 a.
377 624 414 661 d.
438 634 528 660 V1111
552 624 602 660 K.
621 622 849 669 Novembr.,
869 634 948 672 quo
965 620 1029 659 die
1042 620 1124 659 ludi
1139 619 1497 666 committebantur,

168 687 208 725 in
238 688 508 725 Tusculanum
534 685 787 737 proficiscens
817 687 1048 735 ducensque
1077 698 1234 723 mecum
1265 683 1500 723 Ciceronem

169 763 304 789 meum
335 750 375 789 in
404 751 542 789 ludum
571 750 762 797 discendi,
785 763 866 789 non
891 748 1066 797 lusionis,
1093 763 1139 787 ea
1167 762 1207 787 re
1236 762 1317 787 non
1346 747 1501 798 longius

168 829 290 865 quom
310 817 462 863 vellem,
485 816 594 865 quod
615 815 828 865 Pomptino
848 816 899 854 ad
920 815 1162 864 triumphum
1181 828 1214 852 a.
1233 815 1269 852 d.
1295 825 1339 851 111
1362 815 1500 852 Nonas

111 893 150 915 10
170 880 383 918 Novembr.
419 880 602 918 volebam
639 881 788 918 adesse.
849 879 1007 918 Etenim
1039 879 1109 917 erit
1142 878 1276 917 nescio
1310 877 1406 927 quid
1437 890 1501 916 ne-

168 943 303 994 gotioli
321 958 332 991 ;
371 957 463 982 nam
499 945 600 983 Cato
638 952 676 983 et
707 944 889 983 Servilius
920 951 1117 994 praetores
1155 942 1420 994 prohibituros
1459 955 1500 980 se

169 1007 369 1046 minantur
394 1021 468 1046 nec
494 1007 590 1058 quid
617 1008 769 1058 possint
796 1008 877 1047 scio
905 1008 986 1059 (ille
1012 1008 1118 1047 enim
1145 1015 1183 1046 et
1207 1006 1383 1057 Appium
1410 1019 1501 1045 con-

170 1074 297 1111 sulem
329 1086 463 1111 secum
502 1073 664 1111 habebit
702 1081 741 1111 et
778 1080 976 1123 praetores
1015 1079 1053 1110 et
1091 1072 1268 1110 tribunos
1306 1070 1388 1122 pL),
1430 1071 1500 1108 sed

169 1136 369 1174 minantur
388 1144 520 1174 tamen
541 1136 580 1174 in
596 1137 810 1187 primisque
819 1137 916 1187 ’Άρη
929 1137 1045 1175 πνέων
1058 1137 1106 1184 Q.
1126 1136 1322 1174 Scaevola.
1383 1136 1499 1180 Cura,

114 1213 150 1246 15
171 1201 223 1239 mi
245 1201 472 1240 suavissime
492 1208 530 1240 et
551 1200 748 1240 carissime
768 1203 893 1249 frater,
915 1208 958 1239 ut
977 1202 1117 1239 valeas.

222 1335 263 1370 V
280 1342 309 1369 et
323 1335 390 1370 VI
435 1337 503 1370 Scr.
523 1338 556 1369 in
580 1338 762 1369 Tusculano
777 1350 825 1370 ex.
848 1349 893 1370 m.
916 1337 983 1370 Oct.
1002 1341 1062 1369 aut
1076 1337 1121 1370 in.
1137 1336 1222 1368 Nov.
1241 1347 1270 1369 a.
1289 1347 1346 1377 70⁰
1365 1336 1446 1377 (54).

412 1414 603 1446 MARCVS
627 1415 805 1455 QVINTO
832 1415 1006 1446 FRATRI
1032 1414 1258 1446 SALVTEM.

226 1494 348 1543 Quod
370 1492 524 1544 quaeris
549 1492 645 1543 quid
671 1494 721 1532 de
741 1492 815 1532 illis
839 1492 946 1532 libris
967 1492 1111 1544 egerim
1131 1506 1230 1542 quos
1258 1505 1349 1531 cum
1373 1504 1499 1531 essem
1519 1502 1536 1529 1

171 1556 212 1596 in
237 1559 421 1598 Cumano
449 1557 618 1596 scribere
647 1557 807 1605 institui,
836 1571 918 1596 non
948 1557 1096 1596 cessavi
1119 1570 1249 1607 neque
1278 1569 1401 1604 cesso,
1431 1557 1501 1595 sed

114 1639 153 1662 20
172 1635 288 1673 saepe
317 1621 395 1660 iam
424 1621 621 1660 scribendi
651 1629 778 1660 totum
802 1621 1011 1661 consilium
1040 1621 1312 1671 rationemque
1341 1620 1499 1659 mutavi.

172 1688 277 1726 Nam
306 1686 384 1725 iam
417 1687 575 1726 duobus
604 1686 714 1726 factis
744 1687 862 1735 libris,
884 1688 925 1725 in
954 1687 1097 1738 quibus
1126 1686 1427 1726 novendialibus
1457 1685 1502 1724 iis

171 1751 274 1790 feriis
304 1765 406 1802 quae
434 1753 591 1790 fuerunt
623 1751 826 1791 Tuditano
856 1760 894 1791 et
925 1751 1086 1802 Aquilio
1115 1751 1344 1790 consulibus
1373 1763 1501 1789 sermo

172 1823 230 1854 est
260 1829 283 1854 a
317 1829 380 1854 me
409 1815 607 1854 institutus
637 1816 811 1854 Africani
840 1818 958 1867 paulo
992 1824 1082 1854 ante
1116 1823 1282 1854 mortem
1313 1822 1351 1853 et
1381 1814 1500 1861 Laeli,

173 1879 288 1928 Phili,
311 1879 463 1928 Manili,
489 1881 538 1918 P.
561 1882 701 1928 Rutili,
731 1883 780 1930 Q.
803 1880 1026 1920 Tuberonis
1058 1888 1096 1919 et
1120 1879 1229 1918 Laeli
1255 1892 1500 1929 generorum,

116 1954 153 1985 25
174 1944 300 1982 Fanni
320 1952 358 1983 et
379 1946 600 1992 Scaevolae,
623 1958 751 1983 sermo
777 1953 909 1983 autem
936 1945 977 1982 in
997 1958 1140 1983 novem
1161 1952 1199 1983 et
1219 1943 1303 1982 dies
1324 1951 1362 1982 et
1382 1943 1501 1982 libros

173 2008 403 2047 distributus
423 2010 473 2048 de
494 2009 644 2059 optimo
665 2017 766 2047 statu
791 2008 957 2047 civitatis
978 2017 1015 2047 et
1045 2010 1094 2047 de
1115 2008 1265 2059 optimo
1286 2007 1369 2046 cive
1390 2007 1501 2058 (sane

173 2074 377 2112 texebatur
400 2087 499 2123 opus
528 2075 726 2112 luculente
752 2073 1038 2123 hominumque
1062 2072 1230 2122 dignitas
1256 2071 1501 2122 aliquantum

174 2138 340 2178 orationi
361 2138 545 2188 ponderis
571 2139 799 2188 adferebat),
824 2139 849 2176 ii
869 2138 956 2177 libri
983 2153 1073 2177 cum
1097 2138 1137 2176 in
1157 2139 1384 2177 Tusculano
1406 2137 1502 2175 mihi

174 2204 394 2253 legerentur
415 2203 601 2241 audiente
625 2203 817 2250 Sallustio,
840 2203 1067 2241 admonitus
1091 2217 1178 2241 sum
1205 2203 1255 2241 ab
1282 2203 1348 2241 illo
1378 2204 1502 2241 multo

118 2283 158 2314 30
176 2267 323 2306 maiore
342 2267 573 2306 auctoritate
599 2267 673 2306 illis
699 2269 749 2306 de
773 2269 889 2306 rebus
915 2267 991 2306 dici
1019 2281 1133 2318 posse
1158 2267 1189 2306 si
1213 2268 1295 2317 ipse
1324 2269 1504 2317 loquerer

219 2382 241 2410 9
263 2381 363 2409 quom
394 2369 600 2411 lVesenberg:
663 2382 762 2410 quarn
791 2371 830 2401 M
841 2371 983 2402 Mz'iller:
1033 2381 1232 2410 quamquam
1263 2371 1342 2402 coni.
1376 2370 1508 2401 Ernesti

178 2423 231 2443 1111
260 2413 454 2454 W'eseuberg,
481 2415 546 2444 coll.
572 2414 643 2444 Att.
672 2414 713 2445 iv.
738 2416 784 2445 18.
805 2425 824 2452 4
956 2424 997 2453 23
1022 2425 1040 2444 a
1064 2415 1134 2455 me]
1153 2420 1265 2444 tamen
1290 2414 1384 2446 MR:
1414 2425 1433 2445 a
1451 2424 1503 2446 me

178 2462 291 2488 tamen
307 2456 328 2486 I
455 2467 495 2495 24
521 2457 555 2488 P.
578 2456 683 2487 Rutili
700 2457 773 2489 add.
799 2457 993 2499 lVesenberg,
1013 2457 1078 2489 coll.
1100 2458 1171 2489 Att.
1192 2458 1231 2488 iv.
1255 2459 1302 2488 16.
1322 2468 1341 2488 2
