1871 2782
279 142 310 179 Ι.
327 141 359 178 ii
677 138 732 175 M.
765 137 934 175 TVLLI
966 136 1271 176 CICERONIS

309 250 440 289 dicere
478 262 551 288 nec
583 255 712 287 astute
743 247 905 286 reticere
944 246 1102 297 debeo),
1133 244 1336 284 materiam
1366 258 1528 284 omnem
1567 258 1643 283 ser-

309 327 473 352 monum
512 326 649 352 eorum
684 311 752 362 qui
790 313 840 351 de
879 319 917 350 te
955 312 1159 350 detrahere
1197 312 1342 349 vellent
1376 309 1542 348 Statium
1576 311 1642 348 de-

309 378 413 417 disse
428 392 438 425 ;
466 385 582 416 antea
602 384 753 416 tantum
780 375 952 426 intellegi
979 375 1165 426 potuisse,
1188 374 1306 413 iratos
1332 380 1423 412 tuae
1446 373 1641 412 severitati

283 456 394 482 esse
432 456 513 481 non
547 444 687 489 nullos,
722 443 799 480 hoc
838 439 1081 480 manumisso
1114 439 1220 478 iratis
1249 440 1359 490 quod
1388 439 1642 488 loquerentur

266 554 290 581 2

270 616 290 645 4

310 521 390 546 non
411 506 593 546 defuisse.
1660 515 1677 546 5

365 574 484 611 Nunc
513 572 764 623 respondebo
802 572 853 610 ad
889 584 953 609 eas
987 569 1174 620 epistulas
1208 582 1305 619 quas
1343 567 1442 606 mihi
1470 566 1642 606 reddidit

311 638 353 675 L.
384 636 558 684 Caesius,
582 636 676 687 quoi
706 635 895 686 quoniam
924 635 978 673 ita
1006 642 1044 672 te
1073 635 1173 672 velle
1202 633 1387 682 intellego
1416 633 1526 670 nullo
1552 633 1642 670 loco

309 702 452 749 deero;
493 715 658 751 quarum
692 702 813 740 altera
846 707 904 738 est
938 701 989 738 de
1021 699 1258 737 Blaundeno
1296 696 1480 743 Zeuxide,
1521 709 1640 746 quern

308 766 444 805 scribis
473 765 734 805 certissimum
764 764 1011 803 matricidam
1039 762 1110 801 tibi
1134 776 1157 801 a
1184 777 1248 801 me
1274 762 1412 800 intime
1441 775 1642 800 commen-

307 831 400 870 dari.
461 833 552 881 Qua
585 832 635 870 de
666 844 706 869 re
737 838 775 869 et
809 831 860 869 de
894 831 971 868 hoc
1001 842 1143 879 genere
1172 835 1268 875 toto,
1299 841 1350 866 ne
1378 829 1477 866 sorte
1507 841 1570 865 me
1600 826 1640 864 in
1663 839 1701 860 10

307 896 480 935 Graecos
519 902 599 933 tam
637 894 893 933 ambitiosum
931 895 1079 932 factum
1118 907 1204 932 esse
1243 892 1382 931 mirere
1414 906 1541 943 pauca
1579 905 1642 930 co-

277 973 280 977 ·
305 974 461 1011 gnosce.
521 962 608 1010 Ego
628 974 719 999 cum
741 961 982 998 Graecorum
1009 960 1188 1009 querelas
1216 957 1385 996 nimium
1403 958 1532 996 valere
1557 970 1641 995 sen-

267 1688 285 1720 Ol

306 1026 418 1065 tirem
438 1033 597 1076 propter
621 1025 830 1063 hominum
851 1024 1010 1075 ingenia
1028 1025 1079 1063 ad
1100 1025 1318 1062 fallendum
1347 1029 1493 1073 parata,
1526 1035 1641 1072 quos-

306 1104 476 1141 cumque
497 1092 547 1129 de
567 1098 605 1129 te
626 1089 735 1140 queri
756 1089 887 1128 audivi
904 1102 1156 1140 quacumque
1173 1088 1286 1140 potui
1305 1087 1456 1126 ratione
1476 1086 1637 1137 placavi.

307 1155 482 1194 Primum
508 1155 830 1205 Dionysopolitas
856 1154 923 1204 qui
950 1162 1059 1193 erant
1083 1153 1343 1192 inimicissimi
1365 1151 1475 1206 [mei]
1498 1152 1615 1191 lenivi
1629 1167 1639 1201 3
1662 1168 1698 1200 15

306 1233 474 1270 quorum
494 1220 711 1270 principem
730 1219 997 1270 Hermippum
1014 1233 1095 1258 non
1116 1221 1245 1258 solum
1261 1232 1442 1257 sermone
1463 1231 1554 1257 meo
1570 1219 1640 1256 sed

305 1284 423 1324 etiam
444 1285 702 1324 familiaritate
723 1284 890 1324 devinxi.
942 1286 1028 1334 Ego
1042 1286 1311 1335 Apamensem
1333 1284 1635 1334 Hephaestium,

306 1362 380 1400 ego
418 1350 659 1389 levissimum
699 1349 914 1396 hominem,
953 1349 1212 1400 Megaristum
1245 1349 1523 1396 Antandrium,
1565 1364 1638 1400 ego

306 1414 463 1454 Niciam
494 1417 762 1465 Smyrnaeum,
796 1428 869 1465 ego
897 1428 1020 1465 nugas
1046 1414 1237 1454 maximas
1265 1414 1375 1453 omni
1403 1428 1492 1453 mea
1518 1414 1639 1453 comi-

305 1487 384 1519 tate
422 1482 649 1532 complexus
689 1494 787 1527 sum,
829 1481 1128 1531 Nymphontem
1168 1480 1287 1519 etiam
1326 1480 1635 1530 Colophonium.
1658 1495 1699 1517 20

307 1546 421 1594 Quae
455 1545 529 1584 feci
563 1545 707 1592 omnia,
744 1559 826 1584 non
858 1559 938 1595 quo
973 1559 1036 1584 me
1069 1553 1137 1584 aut
1167 1545 1208 1583 hi
1241 1544 1424 1584 homines
1454 1552 1522 1584 aut
1555 1553 1639 1585 tota

305 1610 414 1649 natio
460 1611 699 1658 delectaret;
745 1618 968 1660 pertaesum
1014 1618 1073 1649 est
1119 1609 1297 1657 levitatis,
1338 1610 1634 1658 adsentationis,

305 1674 528 1727 animprum
566 1690 647 1714 non
686 1675 823 1715 officiis
855 1677 925 1714 sed
958 1675 1203 1726 temporibus
1234 1675 1496 1714 servientium.
1558 1677 1637 1714 Sed

305 1748 348 1778 ut
381 1741 432 1779 ad
465 1741 627 1780 Zeuxim
666 1748 842 1788 revertar,
877 1755 967 1780 cum
1002 1741 1034 1779 is
1068 1742 1118 1779 de
1154 1742 1210 1779 M.
1248 1740 1416 1780 Cascelli
1454 1754 1635 1779 sermone

304 1817 438 1843 secum
477 1805 613 1844 habito
644 1819 745 1855 quae
784 1813 826 1843 tu
860 1805 996 1844 scribis
1034 1819 1080 1844 ea
1113 1805 1198 1855 ipsa
1230 1806 1466 1855 loqueretur,
1499 1804 1636 1844 obstiti
1655 1816 1693 1849 25

303 1869 387 1908 eius
417 1870 590 1910 sermoni
621 1877 659 1909 et
693 1871 897 1909 hominem
929 1870 969 1909 in
1000 1869 1303 1909 familiaritatem
1336 1869 1476 1920 recepi.
1546 1872 1636 1910 Tua

302 1942 435 1974 autem
480 1948 582 1986 quae
620 1935 735 1974 fuerit
780 1935 975 1986 cupiditas
1013 1943 1122 1974 tanta
1160 1935 1305 1982 nescio,
1347 1936 1456 1985 quod
1498 1935 1635 1974 scribis

303 2000 457 2050 cupisse
484 2008 532 2048 te,
556 2001 745 2051 quoniam
774 2003 962 2051 Smyrnae
987 2002 1088 2040 duos
1116 2003 1254 2051 Mysos
1277 2000 1465 2039 insuisses
1491 2000 1531 2038 in
1558 2002 1636 2039 cul-

300 2066 418 2112 leum,
441 2065 568 2105 simile
592 2066 632 2104 in
660 2066 860 2117 superiore
884 2074 992 2117 parte
1012 2066 1237 2117 provinciae
1265 2067 1382 2105 edere
1409 2067 1633 2116 exemplum

301 2130 513 2170 severitatis
552 2139 643 2171 tuae
681 2140 720 2171 et
762 2132 909 2171 idcirco
956 2132 1118 2171 Zeuxim
1161 2132 1302 2171 elicere
1339 2131 1449 2170 omni
1483 2131 1633 2170 ratione
1653 2142 1692 2173 30

344 2246 363 2265 2
387 2236 512 2267 vellent
540 2236 687 2267 Ernesti:
724 2236 831 2268 velint
860 2235 903 2265 M
1051 2247 1071 2275 3
1095 2236 1265 2266 severitati
1288 2238 1358 2266 vett.
1379 2246 1386 2266 ;
1420 2235 1552 2266 veritati
1576 2234 1637 2265 MI

301 2289 318 2316 7
344 2280 437 2319 quoi]
456 2280 513 2318 qui
531 2279 590 2311 M:
615 2280 666 2310 cui
684 2281 771 2320 vulg.
865 2281 884 2309 8
909 2279 1108 2310 Blaundeno
1125 2279 1161 2318 cf.
1180 2278 1466 2318 Pauly-lVissowa
1484 2279 1526 2310 iii.
1544 2280 1632 2318 560:

300 2322 434 2352 blainde
453 2322 512 2353 M:
539 2323 753 2354 Planindeno
774 2324 820 2355 C:
845 2323 1020 2353 Blandeno
1038 2323 1148 2363 vulg:
1175 2322 1352 2352 Blandeno
1371 2321 1493 2360 Tyrrell
1592 2332 1630 2362 15

302 2364 579 2404 Dionysopolitas
603 2366 764 2397 Vrsinus:
790 2367 990 2405 Dionysitas
1014 2365 1084 2397 MC
1169 2365 1235 2396 mei
1260 2365 1319 2397 del.
1343 2364 1414 2396 edd.
1438 2368 1514 2406 post
1529 2364 1626 2397 Man.

303 2417 341 2446 17
368 2408 616 2448 Hephaestium
637 2409 755 2440 Orelli:
794 2410 978 2449 Ephesium
995 2408 1037 2439 M
