1871 2782
650 190 762 227 EPP.
795 191 872 227 AD
903 191 1138 228 BRVTVM
1507 192 1536 228 Ι.
1556 192 1632 227 xvi

229 307 266 337 et
293 300 457 338 liberum
485 301 672 348 animum,
696 315 775 351 quo
803 310 840 339 et
867 303 1004 339 consul
1031 310 1068 340 et
1097 316 1203 340 nunc
1230 301 1443 341 consularis
1471 317 1550 341 rem

228 365 427 413 publicam
447 365 664 411 vindicasti,
688 365 771 404 sine
799 366 1019 403 constantia
1038 374 1076 404 et
1095 367 1373 416 aequabilitate
1399 370 1550 406 nullum

227 442 312 467 esse
338 430 494 479 putaris.
555 432 696 468 Fateor
718 430 826 468 enirn
850 430 1046 469 duriorem
1067 444 1151 469 esse
1171 432 1448 471 condicionem
1470 447 1552 484 spe-

227 501 353 532 ctatae
386 495 537 533 virtutis
571 510 691 545 quam
724 495 957 545 incognitae.
1029 497 1137 534 Bene
1172 498 1273 534 sacta
1306 510 1377 546 pro
1408 498 1550 536 debitis

189 570 206 601 5
227 557 426 608 exigimus,
461 573 562 609 quae
599 560 710 597 aliter
746 559 932 598 eveniunt
971 567 1013 598 ut
1051 560 1207 609 decepti
1240 561 1291 598 ab
1325 561 1370 599 iis
1409 561 1550 600 infesto

224 623 360 663 animo
392 625 727 675 reprehendimus.
799 626 939 675 Itaque
976 624 1153 663 resistere
1186 625 1363 664 Antonio
1397 626 1551 666 Cicero-

225 702 329 736 nem,
352 690 425 728 etsi
446 690 615 728 maxima
634 691 753 728 laude
772 690 937 740 dignum
958 698 1026 736 est,
1050 697 1193 737 tamen,
1217 690 1309 740 quia
1329 690 1392 729 ille
1412 693 1549 729 consul

225 753 332 791 hunc
352 756 598 792 consularem
619 755 759 793 merito
779 763 975 804 praestare
995 754 1157 800 videtur,
1175 768 1292 793 nemo
1313 755 1550 803 admiratur:

226 816 332 855 idem
354 818 504 865 Cicero,
527 818 558 856 si
579 819 727 857 flexerit
751 820 937 857 adversus
964 819 1060 857 alios
1088 818 1277 857 iudicium
1305 833 1417 857 suum
1440 821 1548 869 quod
1570 830 1606 855 11

167 898 207 920 10
226 889 333 920 tanta
363 883 545 921 firmitate
574 897 621 921 ac
655 883 926 933 magnitudine
956 883 1095 922 direxit
1126 883 1165 920 in
1198 884 1441 922 exturbando
1470 887 1549 921 An-

224 947 346 993 tonio,
369 961 450 985 non
470 949 591 986 modo
612 948 750 998 reliqui
771 948 957 998 temporis
982 948 1145 998 gloriam
1172 948 1354 998 eripuerit
1380 948 1453 987 sibi
1479 951 1548 987 sed

224 1011 341 1049 etiam
368 1012 574 1062 praeterita
599 1026 832 1051 evanescere
858 1020 982 1062 coget.
1042 1012 1151 1050 Nihil
1178 1012 1282 1050 enim
1310 1026 1378 1063 per
1403 1026 1444 1051 se
1470 1027 1549 1051 arn-

222 1077 331 1125 plum
361 1084 419 1114 est
446 1076 520 1114 nisi
549 1076 589 1114 in
619 1090 699 1126 quo
728 1076 848 1115 iudici
882 1077 980 1114 ratio
1013 1084 1146 1115 exstat.
1208 1077 1315 1126 Quin
1349 1077 1547 1116 neminem

223 1140 344 1190 magis
371 1142 485 1179 decet
511 1154 590 1179 rem
620 1141 821 1191 publicam
848 1154 981 1179 amare
1005 1141 1273 1191 libertatisque
1302 1143 1548 1180 defensorem

166 1216 203 1247 15
222 1217 307 1242 esse
327 1206 387 1242 vel
416 1205 575 1255 ingenio
594 1206 655 1243 vel
684 1205 800 1243 rebus
826 1205 944 1255 gestis
971 1206 1033 1242 vel
1062 1205 1194 1243 studio
1223 1213 1341 1254 atque
1370 1206 1548 1256 efflagita-

222 1267 328 1307 tione
349 1269 537 1307 omnium.
599 1270 689 1317 Qua
709 1283 748 1307 re
769 1283 851 1307 non
872 1269 1060 1308 Octavius
1087 1276 1145 1307 est
1170 1270 1367 1318 rogandus
1393 1278 1436 1308 ut
1455 1270 1548 1309 velit

220 1346 293 1370 nos
323 1335 449 1371 salvos
479 1347 576 1380 esse,
600 1333 723 1382 magis
752 1341 836 1371 tute
865 1341 903 1371 te
933 1333 1135 1380 exsuscita,
1159 1341 1202 1371 ut
1232 1347 1319 1372 earn
1349 1333 1546 1373 civitatem

220 1396 260 1434 in
281 1411 359 1447 qua
378 1397 548 1436 maxima
567 1397 718 1447 gessisti
745 1398 908 1436 liberam
932 1406 1051 1447 atque
1077 1398 1284 1436 honestam
1312 1399 1394 1436 fore
1420 1407 1547 1448 putes,

221 1460 253 1499 si
286 1463 409 1500 modo
441 1461 517 1500 sint
550 1463 699 1512 populo
735 1463 855 1500 duces
890 1463 941 1500 ad
976 1462 1237 1501 resistendum
1276 1461 1546 1513 improborum

162 1541 203 1563 20
221 1526 404 1565 consiliis.

262 1644 397 1679 XVII
539 1648 606 1680 δον.
627 1660 672 1679 m.
691 1649 791 1689 Maio,
813 1653 851 1680 ut
862 1649 995 1689 videtur,
1013 1661 1044 1681 α.
1067 1660 1123 1689 711
1141 1649 1219 1690 (4]ῗ.

630 1720 812 1752 BRVTVS
836 1720 1006 1751 ATTICO
1033 1721 1130 1752 SAL.

273 1791 416 1829 Scribis
438 1791 534 1829 mihi
555 1791 684 1829 mirari
706 1792 939 1831 Ciceronem
967 1793 1076 1841 quod
1100 1792 1197 1830 nihil
1222 1792 1437 1842 significem
1462 1806 1543 1830 urn-
1564 1804 1580 1831 1

220 1869 338 1905 quarn
363 1857 413 1894 de
441 1856 519 1894 suis
546 1856 652 1894 actis.
713 1856 914 1904 Quoniam
941 1869 1005 1893 me
1025 1856 1185 1905 flagitas,
1207 1865 1347 1894 coactu
1369 1864 1436 1894 tuo
1458 1856 1546 1894 scri-

162 1934 199 1965 25
219 1921 311 1958 bam
332 1934 434 1970 quae
454 1920 591 1958 sentio.
651 1920 798 1959 Omnia
824 1920 962 1958 fecisse
983 1920 1217 1959 Ciceronem
1239 1921 1391 1970 optimo
1410 1921 1544 1959 animo

219 1984 324 2032 scio,·
358 1985 456 2034 quid
486 1985 592 2023 enirn
626 1985 723 2023 mihi
757 1985 992 2035 exploratius
1021 1998 1106 2022 esse
1134 1992 1265 2035 potest
1295 1999 1413 2035 quam
1443 1986 1545 2024 illius

218 2049 372 2087 animus
402 2049 442 2087 in
471 2063 553 2087 rem
583 2049 814 2099 publicam?
871 2051 949 2087 Sed
980 2050 1175 2099 quaedam
1211 2049 1306 2086 mihi
1337 2049 1546 2088 videtur—

218 2113 314 2163 quid
338 2113 500 2151 dicam?
539 2113 717 2163 imperite
743 2113 799 2151 vir
824 2113 1003 2151 omnium
1032 2113 1360 2163 prudentissimus
1389 2127 1438 2152 an
1468 2129 1547 2153 am-

218 2177 360 2217 bitiose
393 2177 531 2216 fecisse
561 2178 628 2228 qui
657 2178 966 2216 valentissimum
995 2178 1216 2216 Antonium
1251 2179 1446 2229 suscipere
1475 2193 1546 2230 pro

161 2257 200 2287 30
218 2257 258 2281 re
286 2243 445 2293 publica
471 2257 552 2281 non
581 2243 768 2281 dubitarit
797 2242 1012 2281 inimicum.
1073 2243 1219 2281 Nescio
1251 2243 1346 2293 quid
1377 2244 1544 2282 scribam

265 2352 304 2371 10
327 2341 557 2380 magnitudine
575 2341 676 2371 animi
698 2340 773 2371 Vict.
862 2341 994 2371 derexit
1011 2341 1060 2370 vel
1076 2341 1194 2371 defixit
1211 2341 1281 2370 wll!
1298 2341 1421 2371 stsz'illcr
1510 2353 1546 2372 12

217 2385 390 2423 praeteriti
408 2385 486 2415 coni.
508 2385 631 2414 Miillcr
762 2394 800 2422 13
824 2383 913 2422 Quin
931 2385 1011 2414 com'.
1031 2384 1149 2414 Orelli:
1176 2384 1263 2422 Quia
1279 2385 1366 2423 vulg.
1505 2395 1547 2423 30

211 2431 288 2467 post
300 2427 467 2458 inimicum
480 2427 555 2459 add.
569 2426 709 2469 Madvig
717 2428 816 2458 liuius
829 2427 921 2457 modi
933 2428 1123 2458 sententiam
1139 2428 1231 2466 pueri
1250 2427 1426 2458 Octaviani
1444 2429 1546 2458 (lomi-

216 2471 383 2503 nationem
401 2471 517 2502 subeat
