1871 2782
600 188 678 226 ΕΡ.
710 189 788 225 ΑΙ)
817 187 1197 226 OCTAVIANVM

237 299 370 338 teritae
401 297 563 337 iniuriae
590 297 860 337 testimonium
890 304 928 335 et
951 297 1175 335 absentium
1207 309 1343 335 sensus
1372 295 1560 346 significa-

236 364 394 410 tionem,
417 377 497 401 non
524 362 828 412 praetermittam
857 362 962 412 quin,
995 361 1183 411 quoniam
1210 375 1341 399 coram
1368 361 1408 400 id
1435 362 1560 400 facere

235 429 454 477 prohibeor,
494 429 635 466 absens
683 441 753 478 pro
792 441 855 465 me
897 440 1017 476 reque
1055 440 1091 476 p.
1133 428 1376 476 expostulem
1415 434 1556 464 tecum.

234 494 365 542 Atque
396 493 448 530 ita
477 492 566 531 dico
600 496 694 542 ‘pro
726 493 813 538 me‚'
848 491 878 529 si
910 491 1071 541 quidem
1103 504 1192 529 mea
1229 493 1332 529 salus
1360 498 1427 528 aut
1456 490 1559 528 utilis

196 565 213 597 5
233 556 286 594 rei
315 557 497 606 publicae
521 564 578 594 est
603 563 669 594 aut
693 555 904 594 coniuncta
931 563 1034 593 certe
1055 555 1237 605 publicae
1258 556 1381 593 saluti.
1441 556 1555 600 Nam,

233 634 300 670 per
327 623 446 660 deum
473 620 753 659 immortalium
782 621 911 667 fidem,
935 619 1010 657 nisi
1039 621 1136 658 forte
1157 621 1295 658 frustra
1315 632 1382 657 eos
1402 621 1558 669 appello

232 699 400 735 quorum
439 700 550 725 aures
587 694 707 736 atque
744 685 899 723 animus
938 699 961 723 a
997 684 1113 723 nobis
1151 685 1373 731 abhorrent,
1410 697 1558 734 perque

233 752 447 790 Fortunam
478 751 615 802 populi
645 750 827 797 Romani,
857 763 969 800 quae,
1002 763 1243 799 quamquam
1273 748 1388 787 nobis
1418 748 1557 787 infesta

230 824 299 862 est,
322 816 393 854 fuit
419 816 634 866 aliquando
661 815 827 866 propitia
848 823 897 861 et,
920 823 962 852 ut
982 828 1107 864 spero,
1130 816 1258 852 futura
1277 822 1345 860 est,
1368 813 1455 863 quis
1476 821 1554 851 tam

176 898 210 918 10
230 894 364 930 expers
396 880 658 927 humanitatis,
701 880 788 930 quis
827 880 942 917 huius
981 879 1086 917 urbis
1125 878 1277 916 nomini
1309 892 1354 916 ac
1395 877 1555 916 sedibus

229 959 354 995 usque
383 948 484 985 adeo
511 954 568 985 est
596 935 777 984 inimicus
805 954 847 983 ut
877 945 949 983 ista
977 953 1043 983 aut
1067 944 1310 983 dissimulare
1339 944 1462 993 possit
1487 951 1554 981 aut

229 1024 309 1048 non
330 1012 462 1049 dolere
485 1019 561 1058 aut,
585 1011 616 1048 si
639 1012 747 1049 nulla
766 1010 915 1048 ratione
935 1010 1102 1060 publicis
1122 1009 1386 1047 incommodis
1406 1009 1552 1047 mederi

228 1083 355 1125 queat,
379 1090 459 1113 non
479 1084 604 1114 morte
624 1075 823 1126 proprium
844 1075 1060 1125 periculum
1080 1074 1206 1112 vitet?

282 1142 386 1178 Nam
420 1149 463 1179 ut
493 1140 622 1179 ordiar
651 1141 701 1179 ab
731 1140 843 1178 initio
877 1147 915 1178 et
944 1140 1157 1189 perducam
1187 1140 1238 1176 ad
1269 1146 1485 1176 extremum
1514 1146 1552 1175 et
1571 1147 1595 1184 3

171 1221 206 1252 ¹5
227 1205 440 1244 novissima
458 1207 656 1244 conferam
677 1205 822 1255 primis,
844 1218 945 1254 quae
966 1217 1046 1241 non
1066 1203 1256 1253 posterior
1275 1203 1359 1241 dies
1378 1202 1555 1241 acerbior

225 1269 352 1320 priore
374 1279 410 1309 et
430 1284 531 1319 quae
551 1283 632 1307 non
653 1269 865 1319 insequens
893 1270 989 1306 hora
1013 1269 1272 1306 antecedente
1293 1267 1555 1305 calamitosior

224 1337 373 1384 populo
398 1337 583 1373 Romano
612 1334 783 1372 inluxit?
842 1335 896 1371 M.
926 1333 1133 1379 Antonius,
1160 1332 1217 1370 vir
1244 1332 1365 1370 animi
1396 1332 1551 1370 maximi

225 1399 392 1449 (utinam
418 1399 537 1438 etiam
567 1398 754 1449 sapientis
779 1398 918 1437 consili
943 1398 1077 1436 fuisset
1097 1397 1133 1448 1),
1166 1398 1209 1436 C.
1235 1398 1402 1436 Caesare
1431 1398 1553 1436 fortis-

223 1463 321 1502 sime
341 1466 411 1503 sed
430 1478 568 1515 parum
588 1463 751 1502 feliciter
776 1478 799 1502 a
825 1463 880 1501 rei
903 1463 1086 1513 publicae
1106 1461 1377 1501 dominatione
1400 1469 1551 1500 semoto

167 1541 205 1563 20
223 1529 475 1578 concupierat
508 1528 630 1579 magis
664 1528 813 1578 regium
845 1541 963 1578 quam
998 1527 1119 1565 libera
1148 1526 1282 1565 civitas
1311 1526 1391 1577 pati
1420 1534 1552 1576 posset

222 1591 494 1643 principatum.
572 1592 778 1631 Publicam
818 1592 1061 1642 dilapidabat
1103 1591 1322 1642 pecuniam,
1361 1590 1549 1629 aerarium

223 1656 486 1703 exhauriebat,
514 1657 718 1696 minuebat
744 1657 958 1707 vectigalia,
982 1657 1157 1695 donabat
1177 1655 1351 1694 civitates
1373 1655 1553 1693 immuni-

222 1728 301 1759 tate
321 1728 360 1760 et
380 1721 558 1760 nationes
588 1736 634 1760 ex
660 1721 971 1770 commentari03
999 1721 1232 1759 dictaturam
1256 1721 1423 1771 gerebat,
1447 1722 1550 1770 leges

222 1785 460 1836 imponebat,
476 1787 710 1836 prohibebat
723 1787 956 1825 dictatorem
972 1786 1101 1832 creari,
1121 1786 1271 1836 legibus
1287 1793 1443 1823 senatus
1459 1798 1549 1823 con-

166 1861 203 1892 25
222 1850 331 1888 sultis
362 1850 444 1900 ipse
467 1852 708 1900 repugnabat
737 1851 777 1889 in
807 1853 1023 1896 consulatu,
1048 1850 1266 1900 provincias
1295 1849 1423 1887 omnis
1447 1863 1547 1887 unus

221 1914 483 1964 concupierat.
536 1915 611 1953 Cui
627 1916 811 1971 sordebat
830 1915 1068 1953 Macedonia
1081 1914 1280 1964 provincia
1295 1927 1412 1964 quam
1427 1913 1549 1952 victor

221 1978 295 2016 sibi
325 1986 542 2028 sumpserat
573 1981 727 2025 Caesar,
757 1980 852 2029 quid
879 1981 929 2018 de
954 1981 1029 2017 hoc
1056 1992 1209 2029 sperare
1232 1986 1299 2016 aut
1325 1986 1548 2028 exspectare

220 2057 292 2081 nos
326 2044 564 2093 oportebat?
634 2043 824 2082 Exstitisti
853 2051 895 2081 tu
925 2043 1067 2082 vindex
1097 2050 1251 2081 nostrae
1285 2042 1472 2080 libertatis
1506 2050 1547 2080 ut
1567 2051 1593 2087 4

263 2158 292 2186 3.
309 2158 327 2186 4
352 2148 475 2178 absens
495 2172 502 2178 .
520 2171 527 2178 .
548 2172 554 2178 .
576 2158 636 2186 pro
662 2158 713 2177 me
738 2148 766 2177 si
791 2146 885 2177 TFH
913 2147 977 2185 sssed
997 2148 1025 2178 T
1044 2158 1108 2178 om.
1140 2158 1243 2186 reque
1268 2158 1298 2186 p.
1355 2147 1392 2183 δε
1423 2148 1547 2178 absens

219 2192 345 2231 prosim
373 2192 401 2221 si
431 2191 560 2223 (mediis
585 2192 727 2231 01111'551'5)
758 2191 798 2221 Μ
1058 2202 1073 2230 7
1100 2192 1284 2221 abhorrent
1313 2190 1452 2221 FHM-':
1491 2191 1548 2221 ab·

219 2236 336 2265 horret
364 2233 452 2264 MC:
491 2235 624 2264 aborret
650 2233 703 2264 Ml
846 2235 867 2264 8
890 2244 1091 2273 quamquam
1120 2245 1207 2264 nunc
1239 2235 1336 2264 nobis
1363 2233 1551 2274 ll'escnbmg

216 2289 238 2317 9
262 2278 407 2317 propitia
431 2277 485 2308 M:
525 2288 690 2317 prospera
718 2278 788 2308 FH
972 2288 1005 2308 11
1034 2278 1188 2307 inimicus
1218 2277 1274 2307 M:
1313 2278 1455 2308 infestus
1482 2277 1552 2307 FH

217 2331 260 2352 20
283 2331 382 2360 quam
399 2331 499 2360 quem
515 2321 622 2351 libera
639 2321 725 2352 codd.
747 2321 954 2360 Malaspinae
1048 2332 1089 2351 22
1115 2321 1323 2351 immunitate
1340 2326 1374 2351 et
1392 2321 1546 2351 nationes

216 2375 282 2394 om.
310 2363 352 2393 M
533 2375 573 2402 24
599 2365 705 2395 creari
723 2375 787 2395 om.
815 2364 867 2394 ΑΙ1
980 2365 1142 2394 consultis
1160 2365 1294 2394 Aldus:
1326 2365 1348 2394 -i
1373 2364 1432 2394 M:
1460 2375 1494 2394 »ο
1514 2364 1547 2394 R

217 2417 258 2446 25
284 2408 494 2446 repugnabat
512 2408 562 2438 R:
592 2409 756 2447 regnabat
773 2408 819 2439 M.
870 2407 995 2438 Locum
1014 2409 1058 2437 ila
1076 2408 1158 2437 dan!
1170 2407 1236 2437 FH
1249 2408 1355 2438 creari
1376 2408 1546 2447 plebiscita

216 2452 450 2482 contemnebat
463 2453 536 2493 ipse
554 2452 714 2492 regnabat
830 2454 871 2482 26
896 2452 1112 2491 concupierat
1136 2451 1247 2481 TFH:
1272 2452 1492 2491 concupiebat
1510 2450 1548 2480 M
