1871 2782
260 109 290 148 I.
312 109 358 146 iii
671 109 727 147 M.
760 109 930 147 TVLLI
960 110 1267 149 CICERONIS

305 226 412 268 puto.
485 218 562 256 Sed
601 219 699 256 haec
737 217 887 255 utinam
928 232 974 256 ne
1009 219 1230 270 experiare!
1297 221 1418 268 Quod
1455 234 1633 271 precarer

306 284 402 320 deos
425 281 499 319 nisi
520 294 627 319 meas
647 295 783 331 preces
807 282 944 321 audire
963 283 1167 322 desissent.
1225 286 1374 322 Verum
1399 292 1531 324 tamen
1551 299 1634 336 pre-

306 360 373 385 cor
398 354 440 385 ut
470 345 530 384 his
562 345 723 384 infinitis
753 347 895 386 nostris
926 348 1038 386 malis
1070 348 1247 387 contenti
1278 349 1380 398 sint3
1417 349 1458 387 in
1489 349 1633 400 quibus

306 424 386 448 non
416 411 537 450 modo
566 418 700 449 tamen
729 411 875 450 nullius
904 412 1006 452 inest
1031 413 1181 464 peccati
1213 413 1375 452 infamia
1404 415 1474 453 sed
1504 414 1633 452 omnis

305 477 418 514 dolor
438 483 495 514 est
517 477 625 526 quod
646 475 795 526 optime
816 476 926 515 sactis
947 491 1077 527 poena
1096 478 1267 516 maxima
1285 486 1345 517 est
1365 478 1588 517 constituta.
1653 486 1671 519 5

250 553 287 574 10
360 539 498 578 Filiam
526 554 655 579 meam
682 547 720 579 et
747 548 855 578 tuam
881 541 1196 592 Ciceronemque
1223 550 1400 582 nostrum
1425 542 1522 593 quid
1548 556 1632 592 ego,

305 604 358 643 mi
379 606 503 653 frater,
526 605 597 644 tibi
624 606 933 644 commendem?
990 606 1098 655 Quin
1125 607 1222 646 illud
1249 621 1405 646 maereo
1435 608 1543 657 quod
1563 606 1636 646 tibi

304 684 385 709 non
415 670 606 709 minorem
637 671 816 709 dolorem
843 670 999 713 illorum
1029 671 1175 710 orbitas
1201 673 1351 711 adferet
1377 686 1497 722 quam
1523 671 1633 711 mihi.

305 736 383 774 Sed
410 742 447 774 te
475 735 663 774 incolumi
695 734 779 774 orbi
812 749 893 774 non
927 743 1050 774 erunt.
1110 736 1290 786 Reliqua,
1324 736 1377 775 ita
1403 736 1501 775 mihi
1532 738 1635 775 salus

304 800 435 850 aliqua
455 801 568 838 detur
589 807 843 850 potestasque
863 800 902 838 in
923 800 1048 851 patria
1074 801 1281 849 moriendi,
1304 809 1347 840 ut
1367 815 1431 840 me
1451 801 1635 841 lacrimae
1657 813 1695 836 10

305 879 386 904 non
407 865 540 904 sinunt
560 865 728 904 scribere
747 868 754 904 1
813 865 944 903 Etiam
964 865 1192 904 Terentiam
1221 865 1338 905 velim
1368 873 1500 905 tueare
1524 866 1638 904 mihi-

305 944 382 980 que
404 932 453 969 de
474 930 658 969 omnibus
679 931 795 969 rebus
826 930 1015 969 rescribas
1030 945 1040 979 ,·
1069 930 1120 969 sis
1141 930 1249 970 fortis
1270 932 1402 983 quoad
1423 930 1478 970 rei
1497 938 1636 971 natura

306 995 482 1046 patiatur.
544 995 682 1034 Idibus
704 995 828 1034 Iuniis
849 994 1167 1034 Thessalonicae.

349 1129 415 1164 IV
469 1132 539 1164 Ser.
566 1132 807 1164 Thessalonicae
823 1143 932 1164 mense
946 1132 1036 1165 Sext.
1057 1134 1124 1165 circ.
1145 1134 1230 1167 Non.
1251 1144 1282 1165 a.
1305 1135 1369 1176 696
1388 1134 1470 1177 (58).

547 1209 737 1241 MARCVS
762 1209 938 1249 QVINTO
965 1210 1140 1242 FRATRI
1167 1210 1396 1243 SALVTEM.
1658 1218 1695 1250 15

271 1299 288 1325 1
360 1289 518 1327 Amabo
538 1296 586 1335 te,
610 1287 663 1326 mi
684 1289 808 1334 frater,
831 1301 891 1335 ne,
915 1287 946 1325 si
973 1301 1054 1327 uno
1080 1302 1170 1327 meo
1194 1289 1298 1326 facto
1318 1296 1356 1326 et
1376 1296 1417 1326 tu
1438 1296 1477 1327 et
1496 1302 1636 1328 omnes

307 1353 384 1391 mei
411 1353 617 1400 corruistis,
647 1352 888 1403 improbitati
915 1360 954 1391 et
984 1353 1119 1392 sceleri
1149 1367 1239 1392 meo
1263 1353 1394 1403 potius
1422 1367 1540 1404 quam
1568 1354 1637 1392 im-

306 1418 536 1469 prudentiae
558 1418 815 1468 miseriaeque
835 1418 1028 1468 adsignes.
1081 1420 1246 1457 Nullum
1267 1426 1325 1457 est
1346 1433 1479 1457 meum
1500 1433 1637 1470 pecca-

306 1492 389 1522 tum
414 1483 489 1522 nisi
515 1484 623 1533 quod
648 1483 692 1521 iis
719 1483 878 1531 credidi,
901 1497 925 1522 a
945 1483 1089 1533 quibus
1116 1485 1225 1522 nefas
1252 1490 1431 1534 putaram
1458 1498 1543 1523 esse
1572 1499 1636 1523 me

305 1548 435 1599 decipi
461 1555 528 1586 aut
554 1547 672 1586 etiam
699 1548 842 1598 quibus
869 1561 919 1586 ne
944 1548 984 1586 id
1012 1548 1194 1598 expedire
1221 1548 1382 1598 quidem
1409 1549 1632 1588 arbitrabar.
1656 1564 1696 1586 20

308 1614 487 1662 Intimus‚
518 1614 728 1664 proximus,
760 1613 1083 1652 familiarissimus
1117 1613 1283 1664 quisque
1314 1621 1381 1652 aut
1420 1614 1493 1653 sibi
1522 1614 1636 1665 perti-

306 1679 404 1718 muit
430 1686 497 1718 aut
526 1679 622 1717 mihi
646 1679 794 1718 invidit.
855 1680 917 1718 Ita
936 1678 1033 1717 mihi
1059 1678 1156 1717 nihil
1181 1678 1323 1717 misero
1343 1687 1494 1729 praeter
1514 1681 1634 1718 fidem

271 1761 285 1782 2
305 1745 533 1792 amicorum,
552 1752 711 1783 cautum
728 1759 861 1783 meum
875 1744 1085 1783 consilium
1105 1744 1241 1784 defuit.
1301 1745 1423 1793 Quod
1439 1744 1522 1783 site
1542 1745 1634 1784 satis

306 1810 531 1848 innocentia
560 1818 627 1848 tua
650 1817 688 1848 et
715 1810 982 1849 misericordia
1011 1810 1218 1849 hominum
1238 1809 1411 1848 vindicat
1439 1811 1515 1849 hoc
1541 1818 1636 1849 tem-

305 1889 399 1925 pore
427 1889 450 1913 a
480 1875 668 1922 molestia,
701 1875 888 1926 perspicis
921 1877 1100 1926 profecto
1129 1889 1372 1925 ecquaenam
1402 1875 1517 1914 nobis
1546 1889 1635 1926 spes
1657 1890 1693 1920 25

306 1941 438 1979 salutis
468 1941 716 1991 relinquatur.
778 1942 883 1979 Nam
904 1955 968 1979 me
993 1940 1237 1991 Pomponius
1258 1948 1296 1978 et
1317 1940 1464 1978 Sestius
1485 1948 1524 1978 et
1544 1941 1636 1980 Piso

306 2013 437 2044 noster
474 2007 606 2044 adhuc
634 2005 942 2044 Thessalonicae
975 2006 1228 2054 retinuerunt,
1258 2019 1350 2043 cum
1379 2005 1532 2055 longius
1561 2006 1636 2044 dis-

354 2118 366 2137 1
394 2120 437 2139 ne
469 2108 596 2139 Baiter:
630 2119 696 2139 non
714 2109 825 2147 vulga:
862 2119 927 2138 0111.
960 2106 1002 2137 M
1137 2119 1156 2146 4
1181 2118 1249 2138 non
1275 2108 1374 2138 modo
1398 2107 1458 2137 dcl.
1487 2106 1634 2140 Ernesti:

307 2153 396 2182 omni
414 2153 513 2182 modo
534 2152 650 2182 Orelli:
675 2153 830 2182 omnibus
847 2152 945 2182 Klotz
1071 2161 1109 2190 13
1134 2152 1279 2190 patietur
1294 2151 1315 2180 I
1436 2152 1474 2180 16
1500 2161 1543 2180 ne
1561 2150 1632 2182 M²z

308 2195 370 2226 nisi
388 2194 457 2226 MC
542 2195 627 2226 sacto
646 2195 704 2227 M:
737 2196 803 2225 sato
821 2195 876 2224 RI
1038 2196 1076 2225 18
1100 2195 1321 2233 miseriaeque
1340 2193 1457 2224 Lamb.
1475 2205 1481 2223 :
1508 2194 1634 2224 miscri-

309 2240 511 2278 cordiacque
529 2238 569 2267 M
712 2249 751 2277 19
775 2244 926 2277 putaram
947 2237 1147 2268 Cralander:
1174 2247 1277 2267 -arern
1296 2236 1352 2267 M:
1379 2237 1488 2267 —abarn
1507 2237 1640 2267 Ernesti

308 2292 349 2320 23
373 2288 429 2312 aut
463 2287 595 2312 cautum
632 2282 833 2321 Fredcrking
978 2281 1082 2311 defuit
1117 2280 1308 2320 Malaspina
1344 2280 1544 2319 Fredcrkt'ng
1564 2280 1630 2311 coll.

307 2326 379 2356 All.
408 2326 449 2356 iii.
484 2335 530 2363 15.
557 2335 599 2364 5;
636 2336 686 2356 20.
722 2335 757 2357 1:
795 2325 855 2355 suit
881 2324 923 2354 M
1139 2333 1180 2363 25
1206 2323 1392 2364 perspicies
1428 2322 1634 2364 Frederking,

307 2368 345 2408 cf·
369 2373 383 2407 5
403 2378 422 2407 5
442 2369 474 2408 kl·
496 2370 562 2410 22]-
