1871 2782
466 196 577 234 EPP.
610 194 686 233 AD
718 194 984 243 QVINTVM
1017 194 1288 233 FRATREM
1490 192 1554 232 1.i

214 306 294 343 HS.
328 317 376 343 cc
405 304 479 344 sibi
508 303 704 356 eripuisse,
728 312 874 355 quanta
903 306 1063 344 tandem
1093 305 1259 356 pecunia
1287 302 1531 357 penderetur,

211 370 242 407 si
267 370 444 408 omnium
469 370 629 409 nomine
656 370 896 420 quicumque
922 372 1075 409 Romae
1095 372 1209 409 ludos
1237 373 1406 410 facerent
1427 372 1535 421 quod

211 442 291 472 erat
320 435 397 472 iam
427 435 648 473 institutum
678 437 928 484 erogaretur?
979 437 1230 485 Quamquam
1262 437 1330 474 has
1358 437 1534 486 querelas

210 499 417 537 hominum
439 507 660 547 nostrorum
682 499 748 538 illo
769 499 934 538 consilio
955 500 1233 549 oppressimus,
1253 502 1360 550 quod
1382 501 1421 538 in
1441 501 1535 539 Asia

174 577 190 607 5
210 564 344 602 nescio
374 578 546 614 quonam
578 565 710 611 modo,
740 566 894 603 Romae
925 564 1086 614 quidem
1116 579 1195 603 non
1228 565 1413 603 mediocri
1443 579 1534 604 cum

209 629 467 668 admiratione
488 630 678 676 laudatur,
694 630 813 678 quod,
830 643 920 667 cum
941 630 991 667 ad
1012 631 1202 680 templum
1220 638 1536 668 monumentum-

210 708 286 743 que
307 702 483 732 nostrum
512 693 686 732 civitates
717 694 903 744 pecunias
932 694 1206 741 decrevissent,
1233 708 1403 745 cumque
1430 694 1469 733 id
1497 702 1534 733 et

210 772 280 808 pro
312 759 408 797 meis
449 758 598 809 magnis
638 758 784 797 meritis
823 766 861 797 et
899 772 969 809 pro
1008 759 1083 797 tuis
1117 758 1294 797 maximis
1333 758 1534 797 beneficiis

212 837 365 861 summa
386 837 455 861 sua
474 825 675 862 voluntate
705 823 898 870 fecissent,
922 823 1234 873 nominatimque
1257 825 1317 862 lex
1341 823 1535 874 exciperet

153 904 193 926 10
212 895 253 925 ut
277 889 328 925 ad
355 889 546 937 templum
574 894 612 926 e't
639 896 941 926 monumentum
970 902 1109 938 capere
1132 888 1273 935 liceret,
1297 902 1467 938 cumque
1494 888 1533 926 id

211 953 320 1001 quod
358 953 525 991 dabatur
563 966 643 991 non
682 961 783 991 esset
822 953 1065 991 interiturum
1106 954 1175 991 sed
1217 952 1256 990 in
1295 953 1533 991 ornamentis

209 1017 344 1067 templi
365 1019 538 1055 futurum
563 1026 605 1056 ut
635 1031 714 1056 non
745 1017 840 1055 mihi
867 1018 997 1068 potius
1024 1031 1141 1068 quam
1170 1019 1318 1068 populo
1348 1020 1532 1056 Romano

208 1095 254 1119 ac
274 1082 333 1120 dis
355 1082 641 1121 immortalibus
669 1084 805 1121 datum
826 1083 1031 1129 videretur,
1054 1090 1185 1120 tamen
1212 1082 1263 1129 id,
1286 1082 1324 1120 in
1352 1095 1432 1132 quo
1452 1090 1532 1120 erat
1589 1116 1595 1119 .

209 1146 387 1196 dignitas,
432 1154 512 1185 erat
559 1148 630 1194 lex,
675 1154 755 1185 erat
802 1160 937 1185 eorum
986 1146 1052 1196 qui
1099 1146 1293 1184 faciebant
1339 1148 1532 1195 voluntas,

151 1226 186 1257 15
207 1213 483 1263 accipiendum
512 1226 594 1251 non
618 1212 750 1262 putavi
777 1226 867 1250 cum
892 1212 975 1250 aliis
1003 1213 1053 1250 de
1079 1212 1204 1250 causis
1235 1219 1317 1250 tum
1347 1211 1463 1250 etiam
1490 1220 1533 1251 ut

206 1277 339 1315 animo
362 1276 547 1327 aequiore
571 1278 713 1315 ferrent
740 1276 766 1314 ii
790 1276 932 1326 quibus
960 1290 1033 1315 nec
1060 1276 1267 1315 deberetur
1293 1290 1366 1314 nec
1387 1276 1528 1315 liceret.

207 1343 456 1392 Quapropter
490 1341 677 1379 incumbe
707 1348 791 1379 toto
829 1340 962 1379 animo
1001 1348 1039 1379 et
1070 1340 1200 1379 studio
1231 1340 1339 1379 omni
1373 1340 1412 1378 in
1444 1355 1531 1379 eam

205 1406 396 1444 rationem
430 1420 507 1456 qua
538 1407 669 1443 adhuc
707 1419 800 1443 usus
831 1419 884 1452 es,
917 1413 959 1443 ut
993 1419 1059 1444 eos
1090 1418 1188 1455 quos
1220 1412 1309 1443 tuae
1343 1405 1434 1444 fidei
1466 1419 1531 1455 po-

205 1469 414 1520 testatique
427 1477 584 1508 senatus
601 1471 849 1520 populusque
867 1471 1072 1507 Romanus
1092 1469 1287 1508 commisit
1307 1477 1345 1508 et
1365 1470 1530 1508 credidit

147 1549 186 1571 20
205 1534 342 1584 diligas
374 1542 411 1573 et
442 1534 551 1573 omni
586 1534 736 1573 ratione
770 1542 902 1573 tueare
935 1542 972 1573 et
1011 1548 1095 1573 esse
1134 1548 1252 1584 quam
1283 1534 1529 1573 beatissimos

203 1599 308 1638 velis.
369 1600 490 1648 Quod
517 1599 548 1637 si
572 1607 609 1638 te
639 1613 720 1638 sors
746 1599 847 1637 Afris
874 1606 941 1637 aut
972 1599 1161 1649 Hispanis
1187 1606 1254 1637 aut
1277 1598 1399 1638 Gallis
1425 1613 1530 1649 prae-

203 1663 367 1711 fecisset,
409 1664 648 1703 immanibus
686 1677 732 1702 ac
771 1663 943 1702 barbaris
982 1663 1217 1711 nationibus,
1258 1671 1389 1702 tamen
1429 1672 1529 1703 esset

203 1729 455 1767 humanitatis
491 1737 580 1768 tuae
619 1731 824 1768 consulere
863 1742 999 1767 eorum
1039 1728 1259 1767 commodis
1298 1736 1336 1767 et
1374 1728 1529 1767 utilitati

203 1795 396 1845 salutique
417 1796 558 1834 servire
575 1811 585 1844 3
629 1809 719 1833 cum
741 1809 833 1834 vero
854 1795 888 1833 ei
915 1795 1046 1845 generi
1074 1795 1279 1833 hominum
1301 1795 1526 1845 praesimus,

144 1872 181 1904 25
202 1875 282 1899 non
305 1863 426 1900 modo
446 1861 485 1899 in
503 1875 582 1911 quo
602 1861 685 1911 ipsa
706 1861 754 1899 sit
770 1862 839 1899 sed
856 1861 972 1899 etiam
989 1875 1011 1899 a
1032 1875 1111 1910 quo
1126 1863 1175 1899 ad
1192 1861 1286 1899 alios
1308 1860 1529 1910 pervenisse

201 1934 358 1976 putetur
388 1926 622 1973 humanitas,
659 1934 762 1964 certe
796 1926 841 1964 iis
876 1940 962 1964 eam
992 1926 1238 1975 potissimum
1269 1925 1436 1963 tribuere
1464 1927 1530 1964 de-

201 1991 340 2028 bemus
359 2004 382 2028 a
407 1990 549 2040 quibus
570 1990 804 2040 accepimus.
865 1992 958 2028 Non
979 1989 1083 2028 enim
1115 2003 1177 2027 me
1201 1991 1276 2027 hoc
1300 1989 1377 2027 iam
1398 1989 1527 2028 dicere

200 2054 375 2105 pudebit,
417 2054 641 2104 praesertim
682 2054 721 2092 in
760 2069 806 2093 ea
843 2054 920 2092 vita
954 2062 1071 2104 atque
1102 2054 1147 2092 iis
1179 2055 1293 2092 rebus
1331 2053 1447 2103 gestis
1488 2054 1526 2092 in

200 2119 343 2169 quibus
364 2133 444 2157 non
466 2127 593 2169 potest
614 2119 782 2158 residere
802 2119 962 2158 inertiae
977 2127 1043 2157 aut
1064 2118 1228 2157 levitatis
1249 2120 1326 2156 ulla
1343 2118 1524 2169 suspicio,

143 2196 182 2226 30
201 2197 272 2222 nos
312 2197 357 2222 ea
395 2198 496 2234 quae
534 2185 736 2222 consecuti
774 2198 908 2222 sumus
942 2184 987 2221 iis
1018 2183 1155 2222 studiis
1190 2191 1227 2221 et
1260 2183 1406 2221 artibus
1440 2197 1525 2222 esse

198 2250 364 2298 adeptos
385 2262 485 2298 quae
506 2249 582 2286 sint
603 2249 717 2287 nobis
739 2249 926 2287 Graeciae
947 2248 1212 2286 monumentis
1229 2247 1524 2298 disciplinisque

198 2313 348 2352 tradita.
409 2314 498 2362 Qua
527 2327 567 2352 re
597 2321 747 2364 praeter
775 2327 1028 2352 communem
1059 2314 1178 2351 fidem
1209 2326 1309 2363 quae
1339 2312 1523 2351 omnibus

242 2427 283 2446 20
307 2421 340 2446 et
359 2439 365 2446 .
383 2440 390 2447 .
410 2440 417 2447 .
439 2421 472 2446 et
489 2416 674 2447 Faccz'olalt':
701 2421 735 2446 ut
752 2441 759 2447 .
781 2440 787 2447 .
809 2440 814 2446 .
834 2422 867 2447 ut
884 2416 1027 2448 Scltz'ilez
1050 2421 1083 2446 et
1100 2440 1107 2447 .
1129 2439 1136 2446 .
1157 2439 1163 2446 .
1184 2420 1218 2446 ut
1236 2415 1272 2446 M
1383 2424 1424 2454 25
1449 2415 1522 2455 ipso

201 2459 339 2490 Vrsinus
469 2469 506 2499 31
534 2465 610 2491 sunt
633 2459 818 2501 lff'esetzbetg

1550 1996 1588 2025 28
