1871 2782
710 222 1065 260 FRAGMENTA

652 329 714 361 EX
740 329 884 361 LIBRO
912 331 1131 363 INCERTO.

286 416 319 440 2.
356 403 429 441 Cic.
457 400 559 451 fam.
600 403 689 439 XV
712 414 772 440 21.
803 413 829 451 4
868 403 988 441 qunc
1023 404 1078 440 ad
1106 404 1306 452 epistulam
1344 405 1460 452 venio,
1494 406 1556 443 cui

228 467 364 515 copiose
383 471 419 503 et
438 467 610 504 suaviter
633 467 794 515 scriptae
823 467 926 504 nihil
950 471 1005 504 est
1027 468 1129 516 quod
1153 469 1276 505 multa
1298 470 1551 517 respondeam.

228 531 408 569 Primum
434 532 532 568 enim
561 544 623 579 ego
651 532 739 569 illas
771 531 892 569 Calvo
919 532 1069 569 litteras
1099 532 1188 570 misi
1217 545 1290 570 non
1311 534 1407 582 plus
1435 547 1550 582 quam

192 603 208 632 5
229 595 309 642 lias,
332 608 427 644 quas
457 608 557 632 nunc
583 595 685 644 legis,
704 596 927 633 existimans
945 597 1119 634 exituras
1131 612 1148 642 ,·
1178 598 1293 634 aliter
1310 598 1408 634 enim
1428 599 1552 635 scribi-

230 671 314 695 mus
356 659 458 707 quod
491 671 548 696 eos
585 660 681 697 solos
716 661 852 708 quibus
889 660 1085 707 mittimus,
1126 661 1242 698 aliter
1277 662 1382 709 quod
1417 662 1553 699 multos

230 723 389 759 lecturos
412 728 599 771 putamus
612 736 630 766 ,·
678 724 809 761 deinde
847 724 1036 772 ingenium
1073 726 1153 762 eius
1187 726 1402 762 melioribus
1432 727 1556 763 extuli

230 787 408 824 laudibus
427 801 539 836 quam
560 793 601 825 tu
629 788 672 825 id
696 801 780 826 vere
800 789 968 837 potuisse
982 789 1082 838 fieri
1097 794 1231 838 putas,
1250 790 1425 838 primum
1455 791 1555 838 quod

229 852 285 888 ita
305 852 542 890 iudicabam:
570 853 689 890 Acute
715 853 942 899 movebatur,
960 866 1078 901 genus
1105 855 1291 902 quoddam
1321 855 1549 902 sequebatur,

172 926 209 948 10
228 917 269 953 in
296 929 366 964 quo
395 917 528 954 iudicio
555 919 695 966 lapsus,
721 929 791 966 quo
827 917 986 964 valebat,
1016 922 1141 954 tamen
1162 919 1434 966 adsequebatur
1456 919 1556 966 quod

219 981 406 1030 probaret
416 997 431 1026 ,·
461 982 602 1018 multae
628 986 743 1019 erant
767 986 804 1018 et
829 981 1037 1019 reconditae
1065 983 1221 1028 litterae,
1254 983 1312 1019 vis
1341 995 1414 1019 non
1442 988 1526 1019 erat
1537 998 1553 1025 ,-

229 1045 284 1081 ad
301 1058 380 1082 eam
401 1046 522 1093 igitur
539 1047 779 1083 adhortabar
788 1061 805 1091 ,·
834 1046 874 1083 in
894 1047 1091 1083 excitando
1119 1051 1243 1083 autem
1272 1051 1308 1083 et
1331 1047 1371 1084 in
1393 1046 1553 1083 acuendo

220 1110 436 1158 plurimum
456 1111 565 1156 valet,
588 1110 625 1147 si
640 1111 770 1147 laudes
789 1121 869 1146 eum
889 1122 994 1157 quem
1015 1110 1210 1147 cohortere.

286 1186 318 1222 3.
368 1175 522 1212 Nouius
547 1181 592 1223 p.
627 1173 718 1225 469.
757 1185 805 1211 Io
846 1173 974 1211 Cicero
1011 1175 1066 1210 ad
1103 1173 1294 1211 Calvum:
1337 1173 1553 1211 Praesentit

174 1247 210 1279 15
229 1237 384 1276 animus
405 1246 442 1276 et
462 1246 624 1288 augurat
644 1239 819 1288 quodam
840 1239 962 1276 modo
982 1250 1083 1286 quae
1103 1239 1231 1275 futura
1251 1237 1298 1275 sit
1319 1237 1497 1275 suavitas.

711 1354 772 1386 XI.
821 1355 886 1385 AD
910 1354 953 1394 Q.
977 1353 1141 1385 AX1VM.

287 1448 318 1473 1.
362 1435 438 1473 Iul.
480 1435 605 1473 Victor
639 1445 693 1485 27
720 1439 764 1484 p.
803 1433 898 1483 448.
936 1445 959 1471 Ι
995 1434 1132 1471 Halm.
1207 1434 1258 1472 In
1285 1432 1556 1483 familiaribus

229 1499 367 1537 litteris
394 1499 526 1548 primo
563 1499 728 1536 brevitas
771 1499 1005 1536 observanda
1018 1511 1037 1542 ,·
1085 1498 1259 1547 ipsarum
1302 1511 1441 1547 quoque
1478 1510 1556 1534 seu-

231 1565 437 1602 tentiarum
476 1576 520 1600 ne
557 1564 622 1600 diu
659 1561 956 1611 circumferatur,
991 1564 1092 1611 quod
1122 1563 1219 1601 Cato
1252 1563 1319 1609 ait,
1356 1562 1556 1607 ‘ambiti0‚’

174 1642 213 1664 20
230 1630 296 1667 sed
320 1629 375 1667 ita
402 1629 622 1666 recidantur
645 1632 688 1664 ut
707 1639 912 1675 numquam
938 1627 1046 1665 verbi
1061 1627 1212 1676 aliquid
1233 1628 1350 1664 deesse
1369 1626 1554 1665 videatur.

242 1695 362 1731 Vnum
390 1693 470 1730 ‘te'
494 1693 636 1738 scilicet,
659 1692 760 1740 quod
785 1690 1037 1739 intellegentia
1065 1692 1295 1740 suppleatur,
1319 1691 1360 1729 in
1389 1690 1558 1740 epistulis

236 1758 430 1797 Tullianis
449 1758 503 1794 ad
517 1757 687 1795 Atticum
707 1761 744 1793 et
760 1756 909 1793 Axium
917 1755 1270 1804 frequentissimum
1291 1760 1354 1794 est.

746 1852 809 1882 EX
834 1851 978 1882 LIBRO
1003 1851 1029 1883 Ι.

291 1941 323 1964 2.
353 1926 574 1964 Arusianus
592 1925 760 1962 Messius
785 1925 849 1963 vii.
864 1930 907 1973 p.
929 1935 955 1972 4
951 1935 1010 1975 Β.
1031 1935 1071 1975 13
1091 1924 1194 1962 Keil.
1251 1925 1350 1962 Adit
1368 1925 1422 1962 ad
1438 1925 1557 1962 illum.

177 2010 215 2041 ²5
239 1991 365 2030 Cicero
385 1991 439 2027 ad
454 1991 602 2027 Axium
624 1989 685 2026 lib.
706 1990 758 2027 I:
788 1989 839 2026 ad
862 1989 916 2026 M.
942 1987 1128 2026 Bibulum
1148 1987 1338 2026 adierunt.

291 2067 324 2102 3.
354 2054 460 2090 Idem
475 2053 538 2090 vii.
545 2058 587 2100 p.
603 2062 629 2100 4
625 2062 683 2102 55.
696 2063 742 2102 23
756 2052 905 2088 Adiuta
922 2052 988 2088 lzoc
1000 2052 1096 2089 illos.
1142 2050 1269 2089 Cicero
1284 2052 1339 2088 ad
1349 2052 1496 2089 Axium
1512 2052 1561 2088 l.-

236 2119 267 2156 si
288 2126 328 2156 tu
349 2116 497 2167 aliquid
517 2129 589 2154 nos
610 2115 785 2154 adiutare
805 2123 928 2166 potes.

747 2218 810 2249 EX
835 2218 979 2250 LIBRO
1005 2219 1048 2250 ΙΙ.

291 2306 326 2340 4.
354 2293 458 2330 Non.
479 2297 522 2341 p.
540 2302 631 2342 509.
657 2303 702 2341 19
732 2291 793 2328 M.
819 2292 1080 2329 Tullius—ad
1107 2293 1260 2330 Axium
1291 2291 1351 2329 lib.
1378 2292 1458 2329 II:
1499 2291 1561 2328 In-

179 2371 219 2402 30
238 2357 337 2395 vitus
358 2356 502 2394 litteras
523 2363 608 2394 tuas
629 2354 849 2393 scinderem
864 2369 875 2403 ,-
904 2355 957 2393 ita
977 2363 1066 2393 sunt
1087 2355 1309 2394 humaniter
1329 2355 1504 2406 scriptae.

286 2461 325 2489 16
347 2468 458 2489 AXIVM
477 2457 511 2498 cs
535 2457 640 2488 Varro
657 2457 698 2488 R.
719 2457 760 2488 R.
781 2457 824 2488 iii.
845 2467 864 2487 2
983 2468 1034 2496 25.
1055 2459 1097 2488 26
1131 2458 1258 2488 Axium
1276 2458 1363 2499 vulg.
1385 2470 1390 2490 :
1414 2458 1561 2489 Anxium

239 2502 327 2534 codd.
445 2511 487 2541 29
510 2501 634 2532 Axium
656 2501 705 2532 vel
721 2501 852 2532 Attium
870 2501 919 2532 vel
932 2500 1104 2532 Auxilium
1126 2501 1214 2533 codd.
