1871 2782
307 136 370 173 I.i
677 135 732 172 M.
765 135 934 172 TVLLI
964 135 1272 174 CICERONIS

311 253 475 296 oportet.
535 247 596 284 Et
614 245 801 296 quoniam
818 259 864 284 ea
884 245 1159 285 molestissime
1175 247 1273 285 ferre
1293 245 1474 285 homines
1490 247 1639 285 debent

310 323 410 360 quae
435 310 608 360 ipsorum
636 311 753 360 culpa
777 318 979 349 contracta
1008 318 1110 358 sunt,
1133 318 1191 350 est
1218 310 1410 361 quiddam
1436 310 1477 349 in
1500 312 1574 349 hac
1598 325 1638 349 re

310 373 406 412 mihi
428 374 630 413 molestius
648 376 854 413 ferendum
876 389 996 425 quam
1018 375 1099 414 tibi.
1159 377 1325 413 Factum
1346 382 1405 413 est
1424 375 1530 414 enim
1551 389 1639 413 mea

310 440 425 489 culpa
445 446 580 477 contra
600 453 719 489 quam
747 446 789 477 tu
811 453 968 478 mecum
998 448 1036 479 et
1062 439 1316 490 proficiscens
1337 447 1375 478 et
1401 454 1471 490 pcr
1493 440 1639 478 litteras

310 516 442 553 egeras
472 510 514 542 ut
544 503 670 554 priore
699 518 805 542 anno
837 518 918 543 non
948 506 1224 544 succederetur
1241 520 1251 553 5
1291 505 1401 555 quod
1430 519 1514 555 ego,
1542 507 1638 543 dum
1659 516 1676 547 5

310 568 424 607 saluti
456 568 651 607 sociorum
687 571 863 617 consulo,
896 571 992 609 dum
1026 570 1296 620 impudentiae
1326 584 1408 608 non
1441 571 1640 608 nullorum

310 633 598 684 negotiatorum
641 634 790 682 resisto,
832 636 928 673 dum
973 643 1147 674 nostram
1186 635 1349 686 gloriam
1394 643 1461 673 tua
1500 635 1641 673 virtute

310 698 441 748 augeri
470 705 622 749 expeto,
647 698 721 737 feci
749 712 831 737 non
856 699 1061 750 sapienter,
1091 699 1318 750 praesertim
1345 713 1437 737 cum
1467 698 1508 737 id
1537 712 1642 737 com-

311 762 482 801 miserim
507 770 550 801 ut
579 762 643 802 ille
670 765 766 801 alter
791 777 918 802 annus
943 764 1060 802 etiam
1089 764 1246 802 tertium
1269 772 1404 814 posset
1428 765 1638 802 adducere.

272 842 289 873 3
312 829 433 877 Quod
468 828 656 878 quoniam
690 836 898 878 peccatum
931 842 1064 868 meum
1096 843 1182 867 esse
1215 831 1418 877 confiteor,
1453 836 1513 866 est
1544 828 1641 878 sapi-
1661 837 1701 860 10

311 893 440 932 entiae
474 901 593 943 atque
632 893 886 932 humanitatis
918 901 1008 932 tuae
1037 907 1172 932 curare
1206 900 1244 933 et
1277 896 1464 944 perficere
1492 901 1536 932 ut
1564 894 1642 932 hoc

311 957 442 996 minus
477 958 672 1008 sapienter
702 972 725 996 a
756 972 820 997 me
850 958 1051 1009 provisum
1085 958 1287 1010 diligentia
1317 966 1384 997 tua
1417 958 1638 1008 corrigatur.

312 1025 371 1061 Ac
399 1022 431 1061 si
456 1030 493 1061 te
522 1023 606 1072 ipse
635 1022 908 1062 vehementius
934 1024 986 1062 ad
1015 1023 1145 1062 omnis
1173 1024 1293 1074 partis
1321 1023 1425 1062 bene
1453 1021 1643 1061 audiendi

313 1087 500 1135 excitaris,
533 1101 614 1126 nori
646 1094 687 1125 ut
716 1101 807 1126 cum
837 1087 921 1126 aliis
951 1088 1021 1126 sed
1051 1095 1093 1126 ut
1122 1095 1254 1127 tecum
1283 1087 1361 1126 iam
1391 1087 1474 1138 ipse
1505 1094 1640 1134 certes,

313 1152 345 1191 si
393 1166 553 1191 omnem
597 1160 705 1190 tuam
746 1160 933 1199 mentem,
976 1166 1121 1200 curam,
1167 1153 1448 1203 cogitationem
1491 1153 1542 1190 ad
1583 1166 1642 1190 ex·
1663 1162 1700 1196 15

313 1217 489 1256 cellentis
529 1217 569 1255 in
610 1216 795 1256 omnibus
838 1218 954 1256 rebus
994 1217 1121 1256 laudis
1162 1217 1419 1267 cupiditatem
1458 1216 1639 1265 incitaris,

313 1281 409 1319 mihi
440 1283 567 1329 crede,
600 1295 701 1320 unus
731 1295 857 1320 annus
885 1281 1044 1320 additus
1074 1282 1198 1320 labori
1233 1290 1301 1320 tuo
1336 1284 1548 1320 multorum
1578 1295 1644 1319 an-

312 1360 453 1385 norum
487 1346 674 1385 laetitiam
710 1346 835 1394 nobis,
872 1346 996 1385 immo
1027 1361 1118 1386 vero
1153 1347 1270 1385 etiam
1305 1347 1469 1398 posteris
1501 1346 1642 1385 nostris

272 1420 291 1450 4
311 1413 471 1450 adferet.
532 1414 782 1462 Quapropter
810 1413 887 1450 hoc
914 1419 952 1450 te
977 1412 1148 1462 primum
1178 1425 1272 1462 rogo
1300 1426 1349 1450 ne
1370 1413 1576 1450 contrahas
1597 1425 1643 1450 ac

313 1476 496 1515 demittas
517 1476 694 1515 animum
722 1490 820 1515 neve
847 1484 886 1515 te
912 1477 1027 1516 obrui
1047 1485 1250 1527 tamquam
1280 1478 1401 1515 fluctu
1423 1477 1477 1515 sic
1498 1476 1643 1526 magni-
1664 1489 1703 1510 20

313 1541 451 1580 tudine
480 1541 612 1592 negoti
639 1541 743 1580 sinas
770 1549 987 1592 contraque
1014 1542 1136 1592 erigas
1163 1556 1209 1581 ac
1236 1542 1390 1581 resistas
1418 1542 1498 1580 sive
1525 1542 1642 1581 etiam

314 1608 417 1645 ultro
438 1620 618 1645 occurras
648 1607 824 1657 negotiis.
885 1609 1029 1658 Neque
1054 1608 1160 1646 enim
1185 1608 1268 1646 eius
1290 1607 1398 1646 modi
1418 1615 1568 1658 partem
1589 1607 1643 1646 rei

313 1671 495 1721 publicae
510 1672 609 1722 geris
625 1672 665 1710 in
682 1686 760 1722 qua
774 1674 930 1712 fortuna
945 1672 1180 1720 dominetur,
1197 1674 1266 1711 sed
1283 1672 1323 1710 in
1339 1687 1416 1723 qua
1430 1672 1643 1722 plurimum

313 1737 411 1775 ratio
437 1737 561 1787 possit
581 1745 619 1776 et
639 1737 850 1788 diligentia.
911 1740 1032 1788 Quod
1059 1738 1090 1777 si
1111 1738 1182 1778 tibi
1207 1739 1355 1777 bellum
1377 1738 1540 1788 aliquod
1567 1751 1645 1776 ma-

312 1815 434 1852 gnum
467 1809 505 1840 et
535 1802 800 1853 periculosum
831 1803 1120 1841 administranti
1152 1811 1404 1854 prorogatum
1436 1803 1643 1854 imperium
1665 1813 1701 1845 25

312 1866 497 1914 viderem,
532 1875 740 1906 tremerem
777 1868 913 1907 animo
946 1870 1056 1919 quod
1087 1870 1231 1907 eodem
1262 1876 1440 1919 tempore
1471 1882 1556 1907 esse
1590 1868 1645 1907 in-

313 1933 536 1983 tellegerem
569 1933 688 1972 etiam
722 1934 904 1972 fortunae
936 1941 1172 1984 potestatem
1206 1933 1246 1972 in
1280 1947 1352 1972 nos
1380 1941 1640 1983 prorogatam.

275 2003 293 2034 5
314 1998 434 2035 Nunc
463 2011 555 2036 vero
584 2012 630 2036 ea
658 2011 746 2048 pars
776 1998 847 2037 tibi
876 1998 931 2037 rei
959 1998 1143 2049 publicae
1170 1998 1383 2037 commissa
1411 2006 1469 2037 est
1497 1998 1538 2036 in
1567 2012 1646 2048 qua

313 2070 380 2100 aut
412 2064 560 2101 nullam
590 2070 657 2102 aut
688 2064 938 2114 perexiguam
967 2072 1119 2114 partem
1147 2065 1305 2102 fortuna
1335 2070 1443 2102 tenet
1473 2071 1511 2102 et
1542 2077 1644 2113 quae

315 2127 411 2165 mihi
433 2135 515 2166 tota
543 2128 582 2166 in
613 2136 679 2167 tua
708 2129 848 2168 virtute
878 2143 925 2168 ac
954 2129 1226 2168 moderatione
1254 2129 1375 2167 animi
1404 2128 1532 2178 posita
1558 2141 1643 2167 esse
1663 2139 1706 2170 30

364 2242 377 2262 1
403 2232 446 2262 Et
463 2232 540 2264 add.
562 2233 656 2265 Man.
768 2243 787 2272 5
812 2239 848 2264 ut
865 2233 924 2264 tibi
943 2234 1054 2273 priore
1077 2232 1266 2273 W'esenberg
1365 2234 1386 2262 ὃ
1410 2236 1533 2272 expeto
1548 2235 1619 2262 vett.
1637 2244 1644 2264 :

318 2310 480 2348 expedito
499 2310 551 2339 M¹
569 2322 576 2340 ε
600 2285 727 2349 expecto
746 2310 801 2340 M²
917 2320 953 2349 15
978 2311 1019 2340 ad
1037 2310 1235 2340 excellentis
1251 2310 1400 2340 Ernesti:
1425 2314 1458 2340 et
1475 2309 1517 2340 de
1534 2309 1646 2339 excel-

319 2352 445 2382 lentem
463 2351 515 2381 Ml
534 2365 540 2383 :
563 2355 605 2383 ad
624 2355 846 2384 excellentem
866 2354 919 2383 M²
935 2354 1024 2394 vulg.
1146 2355 1183 2383 18
1208 2353 1308 2383 immo
1324 2363 1404 2382 vero
1421 2353 1521 2383 etiam
1539 2353 1641 2385 M1R.

317 2396 357 2434 cs.
376 2395 458 2426 Sest.
479 2406 520 2434 55
535 2408 540 2426 :
567 2397 705 2434 gloriam
723 2408 803 2428 vero
821 2396 862 2427 Μ
876 2408 983 2437 marg.
1001 2408 1007 2426 :
1034 2396 1173 2435 gloriam
1190 2395 1211 2425 I
1318 2406 1357 2436 19
1379 2407 1418 2427 ac
1435 2395 1507 2425 MR
1523 2408 1530 2428 :
1553 2400 1610 2427 aut
1626 2396 1649 2427 I

318 2449 357 2469 21
384 2444 418 2470 te
435 2439 544 2478 erigas
567 2439 756 2481 Wesenberg
887 2450 931 2481 29
953 2445 1068 2471 teneat
1086 2439 1207 2471 Lamb.
