1871 2782
431 191 543 228 EPP.
575 192 653 228 AD
684 191 952 239 QVINTVM
984 192 1258 229 FRATREM
1462 194 1565 230 11.v

179 299 321 338 cordiis
343 300 549 339 mulierum
570 307 799 338 nostrarum.
860 300 969 349 Quid
990 301 1172 351 quaeris?
1202 301 1298 340 nihil
1319 301 1502 341 festivius.

180 365 401 414 Pomponia
428 373 559 403 autem
589 365 705 403 etiam
735 366 785 404 de
815 372 852 403 te
882 373 1020 415 questa
1048 374 1130 413 est3
1159 368 1229 405 sed
1255 368 1352 406 haec
1373 381 1505 406 coram

178 442 348 478 agemus.
408 431 445 467 A
474 443 595 480 puero
623 436 666 467 ut
695 429 866 476 discessi,
900 429 939 468 in
967 444 1097 468 aream
1128 438 1235 469 tuam
1264 432 1363 470 veni.
1424 435 1504 471 Res
1524 445 1548 484 3

178 495 365 543 agebatur
394 494 525 532 multis
555 494 819 533 structoribus.
880 495 1103 544 Longilium
1128 497 1417 547 redemptorem
1444 511 1505 536 co-

141 569 157 600 5
179 559 355 597 hortatus
376 573 472 597 sum.
533 559 672 598 Fidem
700 559 796 597 mihi
822 559 990 598 faciebat
1017 573 1058 598 se
1078 562 1176 599 velle
1201 561 1316 600 nobis
1337 563 1500 612 placere.

181 625 335 662 Domus
365 624 435 662 erit
464 624 639 674 egregia3
674 624 795 674 magis
826 624 931 663 enim
961 624 1066 663 cerni
1096 624 1173 663 iam
1204 633 1355 675 poterat
1385 640 1503 676 quam

178 697 369 738 quantum
403 703 450 727 ex
480 691 604 728 forma
634 689 905 728 iudicabamus
920 704 930 737 3
959 689 1133 740 itemque
1167 698 1298 729 nostra
1333 691 1506 730 celeriter

177 748 466 793 aedificabatur.
527 756 588 792 Eo
621 754 685 793 die
719 754 855 793 cenavi
881 756 987 804 apud
1015 754 1290 805 Crassipedem
1305 770 1315 804 3
1345 763 1505 794 cenatus

179 817 219 855 in
257 820 391 858 hortos
429 821 480 858 ad
519 819 753 870 Pompeium
792 819 930 858 lectica
968 821 1067 858 latus
1106 833 1203 858 sum.
1277 820 1375 859 Luci
1414 835 1504 860 eum

121 900 161 923 10
180 884 388 922 convenire
443 899 524 923 non
571 892 775 935 potueram
814 886 922 934 quod
968 886 1140 932 afuerat3
1193 885 1325 924 videre
1371 894 1504 925 autem

178 949 360 987 volebam
390 951 499 999 quod
527 964 631 988 eram
660 949 846 999 postridie
877 951 1007 988 Roma
1035 949 1206 988 exiturus
1236 958 1274 988 et
1303 953 1411 1000 quod
1441 951 1504 990 ille

177 1012 217 1050 in
256 1014 475 1052 Sardiniam
514 1014 584 1052 iter
622 1015 802 1053 habebat.
863 1014 1082 1052 Hominem
1114 1015 1280 1053 conveni
1309 1023 1347 1054 et
1376 1016 1426 1054 ab
1455 1029 1503 1054 eo

176 1078 296 1127 petivi
329 1086 372 1116 ut
405 1093 524 1129 quam
553 1079 723 1129 primum
757 1086 794 1117 te
826 1078 939 1117 nobis
973 1080 1163 1118 redderet.
1222 1079 1361 1117 Statim
1395 1081 1501 1119 dixit.

178 1144 271 1181 Erat
308 1151 441 1181 autem
479 1143 611 1191 iturus,
652 1150 694 1181 ut
731 1143 870 1189 aiebat,
903 1157 936 1180 a.
958 1144 995 1181 d.
1034 1155 1079 1181 111
1110 1144 1168 1181 Id.
1202 1143 1323 1193 April.
1357 1152 1399 1182 ut
1437 1153 1503 1184 aut

120 1224 157 1256 15
178 1208 361 1246 Labrone
383 1215 451 1246 aut
472 1207 569 1246 Pisis
590 1209 882 1246 conscenderet.
933 1209 1005 1253 Tu,
1030 1207 1083 1245 mi
1104 1209 1227 1254 frater,
1245 1207 1360 1246 simul
1380 1216 1418 1247 et
1438 1209 1502 1249 ille

176 1273 335 1319 venerit,
358 1272 524 1323 primam
544 1272 843 1322 navigationem,
867 1273 963 1310 dum
984 1273 1105 1311 modo
1126 1272 1270 1311 idonea
1290 1280 1501 1324 tempestas

176 1337 234 1384 sit,
258 1351 308 1375 ne
329 1337 514 1375 omiseris.

230 1400 348 1456 [VII]
378 1403 425 1440 A.
442 1403 478 1440 d.
495 1414 535 1440 vx
552 1403 648 1441 Idus
662 1401 781 1452 April.
804 1409 895 1441 ante
915 1403 1044 1440 lucem
1061 1403 1162 1441 hanc
1184 1403 1389 1453 epistulam
1411 1418 1501 1443 con·
1518 1415 1545 1454 4

176 1467 312 1517 scripsi
349 1481 535 1517 eramque
566 1467 606 1505 in
640 1466 776 1506 itinere
807 1474 850 1505 ut
887 1480 935 1505 eo
966 1466 1030 1505 die
1063 1469 1169 1517 apud
1201 1470 1246 1506 T.
1280 1468 1429 1507 Titium
1461 1469 1500 1507 in

117 1551 158 1573 20
176 1532 386 1583 Anagnino
417 1546 628 1579 manerem,
650 1531 837 1582 postridie
863 1539 994 1570 autem
1022 1532 1061 1570 in
1090 1532 1245 1571 Laterio
1266 1533 1497 1583 cogitabam,

175 1596 277 1644 inde,
311 1611 401 1636 cum
433 1597 473 1635 in
506 1596 685 1647 Arpinati
719 1596 894 1646 quinque
927 1596 1011 1635 dies
1043 1594 1213 1644 fuissem,
1242 1597 1296 1636 ire
1323 1598 1363 1636 in
1388 1601 1501 1637 Pom-

172 1661 367 1712 peianum,
391 1662 545 1701 rediens
571 1661 744 1711 aspicere
771 1662 996 1700 Cumanum
1016 1668 1068 1708 ut,
1092 1661 1280 1711 quoniam
1301 1662 1340 1700 in
1362 1665 1499 1703 Nonas

174 1727 301 1766 Maias
323 1727 465 1766 Miloni
486 1727 570 1766 dies
590 1726 768 1777 prodicta
792 1733 864 1773 est,
882 1726 1007 1776 pridie
1028 1727 1165 1764 Nonas
1192 1729 1345 1767 Romae
1371 1743 1497 1768 essem

171 1799 303 1842 teque,
331 1792 386 1830 mi
414 1791 612 1830 carissime
641 1799 679 1830 et
709 1790 936 1829 suavissime
965 1792 1089 1837 frater,
1116 1792 1167 1829 ad
1196 1806 1282 1830 eam
1312 1793 1428 1840 diem,
1455 1801 1497 1832 ut

77 1887 81 1890 -
115 1873 152 1905 25
171 1858 388 1907 sperabam,
420 1857 604 1895 viderem.
664 1855 991 1894 Aedificationem
1023 1856 1165 1894 Arcani
1199 1858 1250 1895 ad
1288 1865 1398 1896 tuum
1431 1860 1496 1897 ad-

170 1930 332 1960 ventum
361 1922 567 1960 sustentari
587 1921 776 1972 placebat.
836 1922 928 1968 Fac,
948 1920 1001 1958 mi
1022 1922 1145 1968 frater,
1168 1929 1210 1959 ut
1230 1923 1357 1960 valeas
1377 1936 1496 1973 quam

171 1987 420 2038 primumque
440 1987 582 2026 venias.

214 2102 233 2131 5
259 2093 374 2123 Fidem
395 2092 469 2123 Vz‘ct.
490 2104 496 2123 z
522 2093 613 2122 Idem
632 2091 673 2121 M
849 2103 870 2132 9
896 2093 974 2123 Luci
993 2104 1066 2123 eum
1085 2092 1294 2123 Mommsen:
1321 2093 1494 2124 Lucceium

171 2135 213 2165 M
392 2146 427 2175 ¹5
454 2136 639 2166 Salebrone
661 2136 951 2177 lVesselt’tzg:f07't.
972 2137 1164 2171 Telamone,
1182 2137 1218 2176 ‘s-
1239 2138 1326 2168 Plnt.
1347 2136 1433 2168 Mar.
1453 2149 1491 2175 41

170 2179 268 2210 simul
286 2184 318 2210 et
336 2179 396 2219 M¹‚
415 2180 453 2219 cs.
472 2179 556 2210 Reid
570 2179 616 2209 ad
626 2178 731 2209 Acad.
747 2180 777 2210 ii.
795 2189 832 2217 51
852 2192 858 2211 ε
882 2180 979 2210 simul
996 2185 1032 2210 ut
1050 2179 1103 2210 M*
1120 2181 1237 2219 aliique
1251 2181 1340 2211 codd.
1360 2192 1366 2211 t
1397 2181 1492 2211 simul

170 2233 209 2253 ac
226 2223 347 2264 Ivulg.
512 2224 549 2253 18
573 2233 607 2252 vr
631 2223 838 2263 lis'csenbmg:
871 2234 895 2262 y
924 2223 965 2252 M
1124 2224 1306 2263 conscripsi
1334 2234 1493 2263 eramque

170 2266 301 2297 Baiter:
334 2267 665 2306 conscripseramque
690 2265 744 2295 M¹
762 2278 768 2297 :
804 2267 1004 2297 dictaveram
1023 2267 1287 2307 scripseramque
1306 2267 1382 2298 M2':
1417 2278 1493 2298 con-

171 2310 298 2350 scripsi.
334 2310 537 2351 Eram[que]
561 2309 750 2351 W'escnhmg
879 2320 921 2348 23
945 2311 1095 2350 prodicta
1118 2310 1217 2342 Vict.:
1242 2311 1373 2350 prodita
1391 2310 1432 2340 M
