1871 2782
269 162 299 199 Ι.
317 160 395 198 xvi
715 159 772 197 M.
803 159 972 197 TVLLI
1003 157 1312 198 CICERONIS

344 269 487 320 quibus
508 268 704 320 oppressis
725 282 861 308 vereor
879 282 930 307 ne
950 268 990 307 in
1011 269 1129 308 breve
1148 275 1305 320 tempus
1331 268 1452 308 dilata
1478 268 1527 308 sit
1545 269 1616 308 abs
1637 277 1675 308 te

343 333 546 385 pernicieS‚
569 333 637 384 qui
666 341 779 384 potes
806 333 947 372 intueri
975 347 1076 384 quae
1102 333 1276 384 gesseris,
1300 333 1415 372 simul
1445 341 1484 372 et
1512 333 1586 372 ista
1614 336 1675 373 vel

342 398 509 448 probare
529 399 590 437 vel
611 397 664 436 ita
684 398 855 437 demisse
883 411 929 437 ac
956 399 1069 437 facile
1098 398 1179 448 pati
1209 406 1251 436 ut
1277 397 1481 448 probantis
1502 398 1675 449 speciem

343 463 522 502 habeas?
578 463 700 512 Quod
728 470 861 502 autem
891 462 962 501 tibi
992 476 1083 502 cum
1104 462 1283 502 Antonio
1307 463 1487 513 privatim
1509 463 1676 502 odium?

344 529 501 579 Nempe
522 528 614 578 quia
633 529 860 579 postulabat
880 529 987 576 haec,
1011 529 1177 567 salutem
1204 529 1256 567 ab
1285 541 1326 566 se
1346 527 1438 578 peti,
1460 527 1674 578 precariam
1696 540 1713 571 5

343 607 416 632 nos
455 593 768 632 incolumitatem
806 594 954 632 habere
990 607 1014 631 a
1051 593 1195 643 quibus
1234 593 1318 644 ipse
1356 593 1577 632 libertatem
1615 607 1676 632 ac-

343 657 521 708 cepisset‚
562 671 648 697 esse
685 657 889 696 arbitrium
924 671 1038 696 suum
1078 658 1128 695 de
1165 671 1206 696 re
1239 657 1408 707 publica,
1450 659 1677 708 quaerenda

343 736 429 762 esse
458 737 565 761 arma
594 722 739 773 putasti
766 722 912 772 quibus
937 721 1133 761 dominari
1152 722 1435 772 prohiberetur,
1458 722 1606 761 scilicet
1631 730 1675 762 ut

342 787 409 826 illo
448 788 649 838 prohibito
687 801 913 838 rogaremus
950 789 1116 826 alterurn
1155 786 1223 837 qui
1261 800 1303 825 se
1341 787 1381 825 in
1420 787 1503 826 eius
1541 789 1674 827 locum

341 852 478 902 reponi
516 859 725 902 pateretur,
764 866 815 890 an
853 859 1037 900 utqesset
1075 851 1134 890 sui
1176 851 1269 890 iuris
1313 865 1359 890 ac
1404 852 1576 903 mancipi
1613 867 1674 892 res
1696 867 1736 890 10

340 916 529 967 publica?
569 917 643 956 nisi
677 919 777 955 forte
815 931 897 956 non
936 919 988 956 de
1021 918 1206 955 servitute
1239 918 1309 956 sed
1348 918 1398 956 de
1436 917 1673 957 condicione

340 982 535 1022 serviendi
562 990 786 1021 recusatum
815 990 875 1021 est
902 996 925 1021 a
954 982 1080 1021 nobis.
1139 982 1264 1033 Atqui
1293 996 1374 1021 non
1405 984 1534 1021 solum
1564 983 1674 1022 bono

339 1047 505 1086 domino
537 1047 739 1098 potuimus
770 1047 952 1086 Antonio
979 1049 1145 1086 tolerare
1173 1054 1346 1092 nostram
1377 1049 1573 1086 fortunam
1603 1050 1674 1087 sed

340 1111 458 1151 etiam
488 1112 692 1152 beneficiis
719 1120 840 1163 atque
865 1112 1085 1152 honoribus
1113 1119 1157 1150 ut
1185 1111 1394 1163 participes
1424 1112 1497 1151 frui
1517 1113 1673 1163 quantis

339 1178 539 1216 vellemus.
618 1177 728 1227 Quid
774 1177 880 1217 enim
926 1185 1085 1229 negaret
1134 1177 1180 1216 iis
1229 1192 1398 1229 quorum
1443 1179 1674 1229 patientiam
1697 1191 1733 1224 ¹5

339 1241 489 1281 videret
537 1241 752 1280 maximum
800 1242 1083 1282 dominationis
1130 1256 1225 1282 suae
1270 1243 1510 1294 praesidium
1560 1246 1675 1284 esse?

340 1308 419 1346 Sed
455 1306 552 1345 nihil
591 1307 689 1346 tanti
727 1307 801 1346 fuit
844 1321 926 1358 quo
962 1309 1226 1347 venderemus
1262 1309 1383 1347 fidem
1422 1316 1596 1347 nostram
1636 1317 1674 1348 et

341 1371 573 1411 libertatem.

299 1442 323 1480 5
397 1437 477 1476 Hic
497 1437 581 1488 ipse
607 1451 705 1488 puer
733 1452 852 1489 quern
874 1438 1052 1478 Caesaris
1081 1452 1229 1478 nomen
1258 1438 1421 1478 incitare
1450 1439 1604 1478 videtur
1633 1439 1673 1478 in

342 1502 521 1541 Caesaris
560 1502 840 1552 interfectores,
874 1503 1011 1554 quanti
1044 1504 1242 1560 aestimet,
1280 1504 1311 1542 si
1345 1504 1394 1542 sit
1432 1504 1673 1543 commercio
1694 1518 1734 1540 20

317 1566 461 1613 '10ch
504 1581 621 1618 posse
654 1568 771 1607 nobis
809 1568 1035 1608 auctoribus
1076 1576 1231 1608 tantum
1270 1576 1463 1619 quantum
1495 1571 1673 1619 profecto

339 1632 494 1681 poterit,
508 1633 697 1683 quoniam
714 1633 842 1672 vivere
862 1641 900 1673 et
919 1633 1107 1685 pecunias
1128 1635 1273 1673 habere
1294 1642 1332 1673 et
1353 1634 1431 1673 dici
1448 1636 1672 1674 consulares

338 1698 547 1736 volumus!
624 1700 810 1738 Ceterum
858 1712 904 1737 ne
950 1698 1192 1750 nequiquam
1245 1699 1401 1750 perierit
1447 1700 1512 1738 ille
1560 1700 1671 1739 cuius

338 1760 496 1800 interitu
517 1762 612 1812 quid
633 1763 754 1813 gavisi
781 1777 927 1811 sumus,
951 1764 982 1802 si
1009 1772 1165 1803 mortuo
1195 1764 1321 1803 nihilo
1344 1764 1474 1803 minus
1495 1764 1672 1804 servituri

338 1840 503 1874 eramus,
537 1829 644 1866 nulla
673 1842 766 1866 cura
794 1828 1033 1867 adhibetur?
1101 1830 1179 1867 Sed
1204 1829 1301 1867 mihi
1330 1829 1437 1879 prius
1467 1830 1601 1868 omnia
1629 1830 1670 1869 di
1692 1841 1728 1873 25

337 1893 516 1942 deaeque
548 1893 760 1943 eripuerint
791 1907 911 1944 quarn
946 1894 1043 1933 illud
1077 1894 1280 1942 iudicium,
1314 1908 1395 1945 quo
1428 1909 1509 1933 non
1548 1897 1670 1934 modo

337 1957 473 1995 heredi
494 1956 577 1996 eius
598 1971 718 2008 quem
740 1958 870 1997 occidi
896 1972 978 1997 non
999 1959 1262 1998 concesserim
1292 1960 1402 2009 quod
1426 1959 1466 1997 in
1491 1959 1558 1998 illo
1587 1973 1669 1998 non

338 2022 419 2069 tuli,
455 2023 526 2060 sed
557 2037 607 2061 ne
641 2023 740 2073 patri
772 2023 935 2073 quidem
956 2038 1068 2071 *meo‚
1102 2024 1134 2063 si
1164 2024 1388 2071 revivescat,
1421 2032 1463 2063 ut
1493 2024 1668 2075 patiente

338 2101 401 2126 me
421 2089 508 2137 plus
533 2088 684 2138 legibus
708 2103 754 2128 ac
781 2097 918 2128 senatu
944 2089 1077 2140 possit.
1137 2092 1202 2128 An
1231 2092 1308 2128 hoc
1338 2089 1408 2128 tibi
1438 2104 1666 2140 persuasum

337 2160 406 2200 est,
443 2154 525 2191 fore
557 2161 707 2192 ceteros
741 2154 791 2193 ab
827 2168 875 2193 eo
913 2154 1057 2193 liberos
1092 2168 1172 2205 quo
1209 2154 1332 2193 invito
1371 2154 1486 2193 nobis
1520 2154 1559 2193 in
1594 2155 1667 2194 ista
1686 2165 1728 2196 30

337 2217 492 2257 civitate
513 2220 623 2257 locus
645 2233 724 2257 non
752 2219 830 2257 sit?
887 2219 967 2268 Qui
988 2233 1104 2270 porro
1125 2219 1165 2258 id
1186 2220 1294 2269 quod
1314 2218 1414 2268 petis
1435 2218 1516 2257 fieri
1538 2227 1666 2269 potest

384 2333 421 2354 10
435 2323 515 2362 sort.
545 2325 680 2363 reponit
713 2335 756 2354 an
784 2328 961 2363 pateretur
1093 2334 1133 2354 22
1156 2323 1251 2353 velim
1283 2332 1343 2362 per
1360 2333 1435 2353 eum
1464 2322 1581 2353 addere
1595 2328 1669 2363 post

336 2368 491 2405 quoniam
582 2377 666 2405 23-5
691 2368 851 2398 Ceterum
867 2391 875 2399 .
897 2390 904 2399 .
924 2390 932 2399 .
951 2367 1134 2398 adhibetur
1150 2366 1291 2408 Madvtjg
1305 2366 1363 2407 qm‘
1377 2366 1426 2397 nil
1440 2367 1505 2397 nisi
1519 2377 1560 2397 ne
1577 2366 1670 2397 addit

337 2420 377 2448 24
403 2415 534 2441 mortuo
551 2421 592 2441 eo
611 2411 703 2442 Cobet
