1871 2782
164 595 181 626 5

145 954 183 976 10

142 1303 181 1336 15

143 1626 182 1647 20

145 1951 182 1982 2³

687 207 1041 245 FRAGMENTA

448 316 541 349 VIII.
590 316 655 348 AD
680 316 724 348 M.
752 316 941 348 BRVTVM
969 317 1109 350 EPIST.
1138 318 1224 350 LIB.
1251 319 1275 350 Ι.

261 396 291 421 1.
324 383 483 422 Servius
505 384 561 420 ad
586 384 686 432 Verg.
711 384 809 421 Aen.
843 384 1034 443 VIII395
1058 383 1185 421 Cicero
1203 385 1333 433 primo
1361 385 1456 421 libro
1475 385 1528 420 ad

201 447 401 485 Brutum:
428 447 460 485 si
481 446 692 497 Pompeius
713 460 794 485 non
822 461 868 485 ex
891 448 971 486 alto
1001 455 1149 498 peteret
1178 457 1215 486 et
1247 447 1377 486 multis
1398 447 1522 485 verbis

202 524 265 549 me
285 511 362 550 iam
383 513 608 551 hortaretur.

528 598 594 628 AD
618 596 811 629 EVNDEM
837 598 977 630 EPIST.
1006 599 1092 630 LIB.
1118 599 1193 630 VII.

258 678 289 702 2.
332 666 436 703 Αἴθη.
476 672 521 715 p.
559 664 648 716 296.
688 665 714 703 8
752 667 812 704 M.
859 667 1009 704 Tullius
1053 667 1214 714 epistula
1259 666 1311 702 ad
1352 665 1523 702 Brutum

202 729 263 766 lib.
313 730 419 767 VII:
466 729 542 768 His
593 730 786 769 contraria
829 737 948 780 atque
995 738 1127 780 parata
1178 737 1220 767 ut
1270 742 1353 767 6356
1403 730 1522 766 soleat

201 801 380 843 expertus
408 807 504 832 sum.

518 876 583 907 AD
608 876 802 907 EVNDEM
828 876 968 908 EPIST.
996 876 1084 907 LIB.
1107 875 1200 906 VIII.

256 953 289 989 3.
320 941 425 979 [Van.
450 949 493 992 p.
516 954 609 994 527.
639 954 689 993 25
721 945 730 961 ‘
754 943 835 980 Vel’
860 949 938 992 pro
979 946 987 962 ‘
1002 943 1136 980 etiam'
1170 948 1232 980 est.
1275 943 1335 979 M.
1375 943 1524 979 Tullius

200 1005 361 1054 epistula
382 1007 437 1043 ad
451 1007 624 1044 Brutum
645 1008 708 1046 lib.
740 1008 872 1045 VIII:
903 1014 941 1044 et
971 1007 1079 1056 quod
1106 1014 1143 1044 te
1168 1013 1318 1043 tantum
1343 1014 1458 1051 amat,
1482 1013 1522 1042 ut

200 1070 263 1106 vel
277 1083 340 1108 me
359 1072 503 1109 audeat
522 1085 742 1122 provocare.

455 1157 520 1187 AD
545 1157 738 1188 EVNDEM
765 1157 827 1187 EX
852 1157 1006 1187 LIBRIS
1033 1156 1261 1187 INCERTIS.

255 1236 290 1270 4.
332 1224 507 1261 Isidorus
546 1223 728 1272 different.
762 1235 810 1273 17
862 1225 904 1262 T.
951 1236 985 1260 v.
1024 1229 1068 1271 p.
1115 1233 1141 1270 4
1176 1223 1334 1259 Areval.
1416 1222 1523 1257 luter

204 1290 212 1305 ‘
226 1289 378 1325 amare'
416 1293 454 1325 et
491 1288 684 1335 ‘diligere'
713 1293 835 1336 putat
869 1286 1022 1335 differre
1055 1285 1183 1323 Cicero
1220 1286 1439 1333 saepiusque
1475 1286 1526 1321 sic

201 1353 329 1389 utitur
360 1357 407 1389 ut
439 1352 654 1399 distinguat
688 1355 801 1399 atque
841 1348 1017 1387 ‘amare’
1047 1353 1176 1401 ponat
1209 1355 1286 1397 pro
1327 1350 1527 1385 ‘ardenter

200 1417 356 1463 amare‚'
389 1421 434 1453 at
464 1416 658 1464 ‘diligere'
681 1422 760 1465 pro
793 1418 801 1433 ‘
815 1415 933 1453 levius
963 1415 1120 1461 amare‚'
1154 1415 1251 1451 sicut
1286 1414 1326 1450 iu
1355 1414 1524 1462 epistulis

201 1481 256 1518 ad
279 1481 477 1518 Brutum:
506 1480 615 1527 Vale,
643 1481 777 1528 inquit,
801 1486 839 1517 et
864 1492 936 1517 nos
967 1492 1057 1517 ama
1085 1479 1157 1525 vel,
1181 1477 1211 1515 si
1243 1477 1283 1514 id
1313 1476 1428 1514 nimis
1452 1485 1519 1522 est,

201 1545 328 1595 dilige.

256 1622 289 1661 5.
320 1612 380 1649 Id.
402 1612 449 1649 ib.
504 1612 567 1648 Et
593 1623 753 1648 rursus:
782 1609 846 1648 Sic
876 1608 991 1659 igitur
1023 1608 1152 1654 facies,
1184 1621 1247 1646 me
1277 1615 1343 1645 aut
1373 1606 1524 1644 amabis

200 1683 276 1723 aut,
313 1689 393 1726 quo
428 1682 636 1714 contentus
670 1688 768 1722 sum,
804 1673 1114 1724 diliges—,Nom
1139 1679 1181 1721 p.
1212 1684 1299 1721 421.
1330 1683 1383 1721 27
1415 1672 1528 1708 Inter

204 1743 376 1779 ‘amare'
405 1745 442 1778 et
467 1742 478 1761 ‘
491 1742 645 1790 diligere
658 1741 667 1756 '
687 1741 753 1777 lzoc
783 1740 946 1785 interest,
979 1739 1082 1787 quod
1109 1738 1282 1775 ‘amare'
1311 1737 1387 1774 vim
1417 1736 1527 1772 hahet

201 1808 390 1855 maiorem,
438 1804 633 1855 ‘diligere'
674 1810 800 1842 autem
838 1809 895 1842 est
929 1804 1047 1842 levius
1084 1815 1226 1840 amare.
1305 1801 1432 1839 Cicero
1474 1801 1528 1836 ad

201 1873 396 1909 Brutum:
439 1871 503 1909 Sic
541 1870 656 1921 igitur
692 1869 810 1907 facies
850 1876 887 1906 et
929 1881 993 1905 me
1034 1874 1101 1905 aut
1138 1866 1288 1904 amabis
1326 1873 1404 1911 aut,
1445 1877 1524 1913 quo

170 1951 181 1957 ·
202 1943 411 1975 contentus
432 1949 530 1982 sum,
555 1934 867 1984 diliges-Idem
876 1933 1025 1982 fragm.
1039 1938 1082 1981 p.
1102 1930 1194 1980 264.
1214 1942 1250 1979 4.

255 2004 290 2039 6.
340 2001 502 2050 Quintil.
546 2001 631 2038 III
664 1999 701 2037 8.
739 2010 791 2047 41
826 2011 880 2047 sq.
954 1997 1179 2046 Aliquando
1230 1996 1333 2033 bouis
1383 2007 1524 2043 quoque

200 2067 414 2104 suadentur
450 2071 598 2114 parum
647 2065 788 2111 decora,
828 2064 978 2100 dantur
1014 2067 1163 2110 parum
1204 2061 1310 2097 bonis
1355 2059 1521 2103 consilia,

201 2133 242 2170 iu
279 2131 416 2180 quibus
453 2131 622 2180 ipsorum
658 2129 729 2178 qui
762 2129 964 2166 consulunt
993 2131 1184 2176 spectatur
1220 2125 1378 2162 utilitas.
1445 2123 1528 2160 IVec

248 2246 261 2265 1
289 2244 430 2265 BRVTVM
447 2233 518 2264 vide
535 2233 573 2264 Ο.
594 2233 630 2264 Ε.
649 2231 799 2263 Schmidt
814 2232 846 2261 in
864 2234 871 2248 ‘
884 2230 1052 2270 Plzilologo
1064 2229 1071 2242 ’
1091 2231 1183 2269 1890,
1201 2234 1254 2270 pp.
1275 2229 1381 2267 38-46
1507 2237 1524 2264 7

202 2280 309 2310 soleat
332 2277 418 2310 codd.
449 2280 576 2317 praeter
606 2286 714 2306 unum
744 2275 805 2314 qui
824 2274 909 2305 solet
933 2274 1001 2312 dat,
1026 2273 1114 2313 quod
1125 2273 1231 2312 recepit
1255 2273 1293 2303 L.
1315 2271 1458 2301 Mz'iller:
1490 2274 1525 2299 ut

202 2322 325 2354 assolet
342 2320 492 2352 Bardili:
516 2319 720 2359 totumsrag.
741 2320 785 2349 ita
805 2318 966 2348 restituere
981 2318 1051 2347 vult
1074 2317 1192 2347 Orelli:
1218 2316 1283 2346 His
1304 2314 1471 2345 contraria
1487 2323 1524 2342 ac

203 2366 374 2405 disparata
387 2369 422 2395 ut
440 2374 514 2394 esse
527 2363 660 2394 soleant
673 2366 836 2401 expertus
848 2371 922 2391 sum
1059 2370 1094 2390 11
1121 2360 1170 2394 et]
1190 2360 1242 2390 vel
1256 2359 1335 2389 coni.
1364 2358 1396 2388 C.
1417 2357 1453 2387 F.
1475 2356 1522 2386 Μ’.

203 2409 326 2439 Mz'iller
394 2418 431 2437 12
445 2407 497 2437 vel
514 2406 590 2439 add.
608 2406 653 2437 ed.
675 2406 757 2444 1476
821 2406 869 2443 18,
892 2414 930 2443 19
954 2403 1037 2434 Vale
1057 2429 1063 2434 .
1081 2427 1088 2434 .
1109 2427 1115 2433 .
1135 2403 1236 2441 dilige
1260 2401 1381 2441 expulit
1403 2400 1522 2438 Baiter,

203 2452 332 2482 retinuit
357 2451 390 2482 C.
409 2451 444 2482 F.
469 2449 518 2481 W.
536 2449 660 2481 ΜίὶΗεν
789 2458 827 2479 21
854 2457 921 2487 quo
937 2447 983 2478 ed.
1007 2448 1108 2486 1476:
1133 2447 1223 2485 qued
1241 2445 1288 2475 vel
1303 2445 1381 2483 quid
1398 2442 1485 2473 codd.

245 2516 306 2538 cxc.
327 2515 429 2537 PRAG.
1400 2499 1412 2527 ]
1423 2499 1437 2526 l
