1871 2782
233 147 286 184 11.
304 146 349 182 iii
670 145 725 181 M.
759 144 926 181 TVLLI
959 143 1266 183 CICERONIS

256 266 281 302 4
302 255 508 294 Africanus
552 254 687 293 fuisset
729 268 848 305 quern
890 256 933 294 C.
979 255 1110 294 Carbo
1154 254 1424 294 interemisset.
1494 256 1635 305 Itaque

302 333 466 370 magnae
496 319 592 357 mihi
622 333 681 358 res
712 319 790 358 iam
816 319 964 358 moveri
988 320 1234 358 videbantur.
1295 321 1400 358 Nam
1422 319 1635 369 Pompeius

302 386 399 423 haec
448 383 637 434 intellegit
683 384 972 434 nobiscumque
1014 384 1295 431 communicat,
1334 383 1496 422 insidias
1534 384 1636 422 vitae

302 462 394 487 suae
415 448 508 496 fieri,
532 450 576 488 C.
601 450 796 488 Catonem
817 462 840 486 a
861 450 1003 488 Crasso
1023 448 1245 497 sustentari,
1261 447 1406 487 Clodio
1425 447 1636 498 pecuniam

302 513 554 564 suppeditari,
577 521 788 564 utrumque
808 521 846 553 et
866 514 916 552 ab
938 527 985 552 eo
1006 521 1044 552 et
1064 527 1086 552 a
1107 513 1291 561 Curione,
1315 512 1461 551 Bibulo
1485 513 1636 552 ceteris-
1655 524 1675 556 5

303 591 380 629 que
411 578 491 617 suis
523 578 852 617 obtrectatoribus
886 578 1108 617 confirmari
1123 593 1133 626 3
1162 579 1418 617 vehementer
1444 591 1529 616 esse
1551 591 1639 627 pro-

301 643 519 683 videndum
540 657 589 682 ne
610 643 852 694 opprimatur
879 643 1124 682 contionario
1148 643 1215 681 illo
1234 644 1384 693 populo
1403 655 1426 680 a
1446 655 1488 681 se
1514 656 1637 692 prope

301 708 485 756 alienato,
519 708 724 747 nobilitate
758 708 928 755 inimica,
966 722 1046 746 non
1080 721 1209 757 aequo
1249 715 1398 754 senatu,
1435 706 1637 746 iuventute

302 772 492 822 improba.
544 775 686 823 Itaque
716 787 758 811 se
787 780 1000 823 comparat,
1032 772 1214 811 homines
1244 786 1291 810 ex
1319 771 1419 822 agris
1449 771 1637 820 accersit3

301 851 439 887 operas
459 844 592 876 autem
614 851 703 875 suas
726 838 892 877 Clodius
920 838 1127 875 confirmat
1142 852 1152 885 3
1183 851 1322 875 manus
1346 838 1397 876 ad
1419 836 1637 886 Quirinalia
1657 851 1698 876 10

301 909 466 953 paratur.
528 904 576 940 In
606 916 653 941 eo
681 903 806 940 multo
836 916 971 940 sumus
997 901 1215 952 superiores
1239 902 1361 952 ipsius
1389 902 1513 953 copiis
1528 917 1538 951 ,·
1567 904 1637 941 sed

302 980 445 1018 magna
483 981 622 1005 manus
661 981 707 1006 ex
746 967 893 1005 Piceno
925 974 963 1005 et
995 967 1123 1006 Gallia
1153 974 1410 1018 exspectatur,
1442 974 1484 1005 ut
1519 967 1637 1006 etiam

304 1032 468 1072 Catonis
489 1032 757 1082 rogationibus
779 1033 829 1071 de
851 1032 1004 1071 Milone
1024 1040 1063 1071 et
1084 1034 1256 1071 Lentulo
1275 1032 1512 1071 resistamus.

262 1106 286 1146 5
359 1098 405 1135 A.
424 1098 460 1136 d.
486 1110 549 1135 1111
572 1098 668 1136 Idus
689 1098 801 1136 Febr.
825 1097 973 1136 Sestius
999 1097 1050 1135 ab
1076 1097 1208 1136 indice
1229 1098 1302 1137 Cn.
1326 1097 1448 1136 Nerio
1470 1096 1636 1147 Pupinia

303 1164 346 1200 de
363 1161 516 1201 ambitu
543 1169 601 1200 est
630 1164 849 1212 postulatus
874 1169 912 1200 et
939 1163 1081 1201 eodem
1108 1162 1172 1201 die
1191 1176 1215 1200 a
1235 1164 1411 1213 quodam
1439 1165 1480 1201 P.
1503 1162 1636 1217 Tullio
1657 1177 1697 1211 15

303 1229 354 1266 de
374 1227 420 1265 vi.
467 1229 506 1266 Is
527 1234 608 1266 erat
627 1241 750 1277 aeger.
799 1229 987 1274 Domum,
1010 1234 1054 1265 ut
1074 1227 1298 1275 debuimus,
1320 1229 1372 1266 ad
1393 1242 1484 1266 eum
1505 1227 1636 1266 statim

301 1292 482 1331 venimus
508 1292 624 1342 eique
653 1306 725 1330 nos
754 1299 858 1331 totos
885 1291 1118 1330 tradidimus
1142 1292 1263 1342 idque
1289 1292 1454 1331 fecimus
1485 1301 1638 1343 praeter

302 1356 510 1396 hominum
539 1357 768 1407 opinionem
799 1357 866 1407 qui
896 1371 968 1396 nos
998 1357 1033 1396 ei
1062 1357 1144 1396 iure
1173 1371 1401 1396 suscensere
1430 1358 1637 1408 putabant,

302 1429 344 1461 ut
365 1421 638 1460 humanissimi
657 1421 944 1472 gratissimique
964 1429 1002 1460 et
1026 1421 1099 1472 ipsi
1126 1430 1164 1460 et
1191 1422 1376 1460 omnibus
1396 1422 1628 1470 videremur,

302 1487 435 1537 itaque
455 1487 652 1526 faciemus.
704 1488 782 1525 Sed
803 1487 908 1525 idem
931 1487 1073 1526 Nerius
1093 1487 1212 1525 index
1232 1487 1357 1526 edidit
1376 1488 1428 1527 ad
1448 1489 1635 1539 allegatos
1657 1503 1699 1527 20

303 1553 375 1593 Cn.
404 1553 617 1591 Lentulum
632 1551 790 1590 Vatiam
817 1559 855 1591 et
879 1553 923 1592 C.
949 1552 1177 1592 Cornelium
1204 1552 1312 1593 †ista
1338 1552 1374 1591 ei
1387 1556 1419 1594 †.
1481 1554 1635 1592 Eodem

302 1617 367 1657 die
385 1624 544 1656 senatus
565 1619 789 1656 consultum
810 1618 957 1655 factum
978 1624 1036 1656 est
1056 1624 1099 1656 ut
1119 1617 1346 1656 sodalitates
1367 1617 1636 1668 decuriatique

301 1682 550 1722 discederent
575 1683 716 1732 lexque
745 1683 795 1720 de
825 1682 870 1720 iis
892 1684 1066 1730 ferretur,
1090 1689 1133 1721 ut
1162 1682 1230 1732 qui
1258 1696 1341 1721 non
1364 1682 1636 1722 discessissent

301 1761 347 1787 ea
367 1760 497 1797 poena
516 1761 618 1797 quae
639 1754 697 1786 est
718 1748 767 1785 de
787 1747 825 1785 vi
846 1754 1081 1786 tenerentur.

256 1818 283 1855 6
356 1813 402 1850 A.
419 1813 456 1851 d.
480 1825 527 1850 111
550 1813 646 1850 Idus
669 1813 779 1851 Febr.
804 1812 883 1851 dixi
904 1826 975 1862 pro
1000 1812 1132 1851 Bestia
1152 1813 1203 1851 de
1229 1812 1381 1852 ambitu
1401 1814 1508 1864 apud
1528 1827 1634 1864 prae·
1654 1827 1694 1861 25

303 1885 428 1916 torem
467 1878 540 1917 Cn.
584 1876 806 1915 Domitium
845 1876 885 1915 in
924 1878 1009 1915 foro
1054 1877 1187 1916 medio
1226 1877 1398 1916 maximo
1436 1886 1634 1917 conventu

348 1992 365 2020 7
391 1991 409 2012 a
426 1980 638 2012 contionario
655 1980 711 2010 illo
731 1981 782 2017 (sc.
803 1980 842 2012 P.
866 1980 1000 2020 Clodr‘oN,
1019 1981 1144 2021 populo
1162 1991 1181 2011 a
1197 1991 1234 2011 se
1252 1991 1357 2020 prope
1379 1981 1528 2012 alienato
1551 1982 1638 2012 Boot

306 2035 342 2056 11
369 2035 411 2055 eo
426 2028 495 2055 velt.
514 2035 521 2054 :
546 2036 586 2055 ea
603 2026 658 2064 (sc.
680 2024 881 2065 Quirinalia)
901 2023 942 2054 M
961 2025 1081 2064 Tyrrell
1232 2025 1292 2055 sed
1310 2025 1351 2054 M
1364 2036 1371 2055 ε
1395 2030 1427 2055 et
1445 2025 1636 2065 Malaspina

309 2078 345 2107 15
370 2069 411 2098 de
428 2067 504 2100 add.
523 2072 593 2098 vett.
728 2068 871 2099 ambitus
890 2069 1011 2107 Baiter,
1028 2079 1109 2108 quae
1129 2068 1320 2098 conslructio
1333 2079 1398 2098 non
1415 2072 1461 2098 est
1479 2069 1635 2099 Tulliana

306 2112 341 2143 P.
361 2112 472 2142 Tullio
491 2112 543 2147 (sc.
560 2111 598 2142 P.
625 2111 730 2142 Tullio
751 2113 971 2151 Albinovano,
992 2113 1027 2148 cf.
1047 2112 1151 2143 schol.
1178 2112 1256 2142 Bob.
1275 2123 1348 2150 292.
1369 2114 1402 2150 95
1426 2111 1635 2152 Wesenberg:

306 2156 351 2186 M.
372 2155 482 2186 Tullio
500 2154 541 2184 M
669 2167 710 2186 20
734 2157 775 2187 ad
793 2156 956 2194 allegatos
974 2155 1015 2185 M
1030 2160 1051 2195 (⁴
1065 2157 1124 2186 lzoc
1138 2160 1183 2186 est
1199 2155 1245 2186 ad
1258 2166 1310 2186 eos
1325 2156 1382 2194 qus
1400 2155 1487 2186 Sesti
1504 2156 1637 2186 nomine

304 2199 351 2229 ad
364 2198 501 2229 Nerimn
519 2199 615 2229 missi
626 2204 717 2229 erant
732 2204 761 2229 ct
776 2210 850 2230 cnm
868 2211 902 2230 co
918 2200 1075 2239 agebant'
1091 2198 1239 2239 Madvzsgl
1256 2208 1263 2228 ἱ
1289 2199 1443 2237 alligatos
1464 2200 1515 2235 (sc.
1534 2203 1632 2238 testes,

304 2243 340 2282 ‘f
357 2243 435 2273 [ssd.
452 2247 459 2260 ⁵
475 2243 580 2283 Ortg.5
594 2255 624 2274 v.
641 2246 696 2282 23‘1
715 2243 763 2274 W.
781 2243 830 2274 W.
843 2243 1008 2273 Fowlcrin
1026 2243 1199 2273 ‘Classical
1210 2243 1352 2272 Review·
1370 2242 1402 2272 ii.
1417 2254 1458 2281 40
1473 2255 1479 2273 :
1504 2244 1546 2272 ad
1564 2243 1632 2273 alli-

305 2292 402 2325 gatos
427 2286 459 2326 (i.
471 2297 495 2318 e.
523 2287 716 2327 implicatos)
749 2287 933 2317 Turnebus:
966 2286 1161 2325 adalligatos
1187 2286 1259 2326 (1'.e.
1286 2287 1419 2325 insuper
1437 2286 1631 2325 implicatos)

306 2330 388 2360 Ellis
551 2341 589 2360 21
617 2331 679 2361 ista
696 2331 743 2371 ei]
769 2331 896 2361 instare
921 2329 1078 2369 Madmg:
1103 2334 1206 2359 testes
1224 2329 1393 2369 glossema
1409 2340 1474 2360 esse
1488 2330 1638 2360 vocabuli

305 2374 457 2411 alligatos
481 2376 668 2411 suspicatur
684 2374 816 2405 Fowlcr.
838 2373 1138 2413 ‘Reqm'rt'turlzaec
1147 2373 1218 2413 fere
1238 2373 1415 2404 sententia:
1448 2374 1559 2413 itaque
1585 2374 1634 2404 rei

306 2417 382 2448 sacti
407 2418 503 2448 sunt'
524 2418 625 2449 Orelli

1792 2717 1859 2782 Ἦ
