1871 2782
669 155 725 192 M.
757 155 926 192 TVLLI
957 153 1264 193 CICERONIS

545 265 621 296 VII.
666 265 733 295 AD
756 264 796 296 A.
824 264 1027 295 HIRTIVM
1054 264 1197 296 EPIST.
1229 264 1312 296 LIB.
1342 263 1383 294 11.

362 356 392 379 1.
423 341 579 381 Nonius
599 348 645 391 p.
678 353 770 391 204.
802 353 850 390 14
884 343 946 380 M.
985 343 1136 380 Tullius
1166 343 1220 379 ad
1247 342 1430 379 ffi'rlizcm
1463 341 1522 378 lib.
1558 341 1634 378 II:

304 408 394 456 Qua
432 407 472 445 in
510 420 550 445 re
595 406 628 445 si
673 406 922 446 mediocriter
960 408 1091 457 lapsus
1130 420 1228 453 sum,
1270 406 1460 445 defendes
1500 418 1631 444 meum

303 472 505 512 tolerabile
526 479 704 511 erratum.

685 591 751 623 AD
776 592 969 623 EVNDEM
996 592 1136 623 EPIST.
1165 591 1250 623 LIB.
1277 592 1316 622 V.
1655 593 1672 626 5

362 691 393 715 2.
425 678 530 715 Non.
555 684 598 726 p.
622 689 687 729 37.
718 689 771 726 24
801 679 863 715 M.
901 678 1163 715 Tullius—ad
1191 677 1374 715 ffi'rtium
1408 677 1470 714 lib.
1516 677 1568 714 V:
1596 682 1635 714 et

304 741 502 792 quoniam,
544 749 587 780 ut
625 743 702 780 hoc
739 749 896 792 tempus
931 748 1000 789 est,
1037 740 1134 779 nihil
1172 741 1302 780 habeo
1340 739 1487 790 patriae
1525 740 1633 790 quod

304 806 534 857 impertiam.

633 925 699 957 AD
725 926 919 957 EVNDEM
947 926 1088 958 EPIST.
1116 926 1202 958 LIB.
1229 926 1305 957 V11.

359 1023 392 1058 3.
424 1009 529 1047 Non.
543 1015 586 1058 p.
607 1021 693 1061 437.
713 1021 764 1061 29
786 1011 846 1048 M.
870 1011 1020 1049 Tullius
1040 1010 1095 1046 ad
1111 1009 1293 1047 ffl'rtizcm
1314 1009 1374 1046 lib.
1398 1009 1502 1046 VII:
1528 1008 1632 1047 Cum
1654 1021 1694 1044 10

304 1074 409 1112 enirn
440 1074 624 1113 nobilitas
655 1074 752 1112 nihil
778 1074 886 1113 aliud
916 1074 964 1112 sit
989 1087 1108 1124 quam
1138 1073 1296 1124 cognita
1324 1072 1454 1121 virtus,
1478 1062 1566 1123 quis
1592 1072 1632 1111 in

305 1152 366 1186 eo,
387 1152 506 1188 quem
536 1140 888 1178 inveterascentem
918 1138 1048 1178 videat
1078 1139 1128 1177 ad
1154 1138 1329 1189 gloriam,
1357 1137 1509 1190 generis
1538 1136 1635 1176 anti-

305 1204 494 1254 quitatem
516 1204 742 1243 desideret?

639 1324 705 1355 AD
732 1324 924 1355 EVNDEM
951 1325 1093 1356 EPIST.
1121 1325 1208 1357 LIB.
1237 1325 1296 1356 IX.

360 1421 394 1454 4.
426 1407 529 1445 lVon.
555 1413 598 1457 p.
628 1418 714 1458 450.
743 1420 769 1445 2
800 1409 860 1446 M
884 1409 1144 1446 Tullius—ad
1172 1409 1355 1446 Hirtium
1387 1409 1448 1446 lib.
1481 1409 1635 1447 VIIII:
1658 1419 1693 1452 15

308 1472 428 1520 Dicis,
456 1472 567 1523 quasi
597 1471 697 1511 istuc
728 1472 902 1511 intereat.
962 1473 1120 1520 Nescio,
1154 1473 1228 1511 nisi
1260 1481 1394 1512 tamen
1428 1481 1508 1511 erat
1539 1473 1635 1511 mihi

307 1538 524 1577 iucundum
546 1537 758 1579 †severitus
782 1552 832 1576 ne
853 1537 919 1588 qui
940 1551 1075 1576 casum
1095 1538 1302 1589 perimeret
1323 1538 1555 1589 superioris†
1572 1569 1580 1577 .
1600 1570 1606 1576 .
1626 1569 1632 1576 .

576 1670 643 1701 AD
667 1669 860 1701 EVNDEM
887 1670 947 1701 EX
974 1670 1119 1701 LIBRO
1146 1670 1362 1702 INCERTO.

364 1765 396 1803 5.
429 1755 533 1792 Non.
565 1761 610 1804 p.
648 1767 737 1792 212.
776 1766 824 1803 14
866 1755 1054 1791 ‘Lutum’
1087 1767 1221 1803 genere
1259 1760 1421 1801 neutr0‚·
1462 1760 1500 1793 et
1533 1758 1642 1806 apud

313 1820 524 1858 Ciceronem
544 1819 586 1857 in
606 1820 777 1868 epistulis
797 1820 852 1856 ad
867 1820 1049 1856 Hirtium
1069 1820 1200 1856 lectum
1219 1825 1275 1856 est
1282 1820 1442 1868 plurali
1458 1833 1638 1859 numero:
1658 1834 1699 1857 20

308 1886 389 1922 luta
409 1892 447 1923 et
474 1884 613 1922 limum
633 1883 1008 1934 adgerebant.—Cf
1033 1885 1158 1933 Capri
1174 1885 1339 1934 orthogr.
1360 1885 1469 1935 vz'ip.
1489 1898 1570 1924 ΙΟΙ.
1590 1885 1639 1925 16

308 1951 408 1987 Keil.

416 2016 503 2053 Hoc
529 2016 656 2053 lutum
686 2020 799 2064 alque
827 2016 1037 2053 macellum
1068 2018 1190 2056 ἑνικῶς
1218 2016 1324 2053 exire
1352 2021 1541 2063 memento,

416 2081 628 2118 Memmius
656 2081 732 2119 isla
761 2082 925 2119 macella
955 2082 1047 2129 licet,
1082 2082 1229 2120 Caesar
1256 2082 1337 2119 luta
1365 2082 1474 2120 dicat.

356 2194 394 2214 10
417 2184 547 2214 Tullius
575 2183 652 2215 add.
682 2184 727 2215 cd.
753 2184 902 2224 princeps
1066 2195 1103 2214 12
1127 2185 1430 2215 inveterascentem
1456 2184 1569 2215 videat
1598 2185 1639 2216 ad

310 2228 449 2266 gloriam
470 2228 504 2258 C.
526 2228 562 2259 F.
587 2227 636 2259 IV.
656 2228 797 2259 Mic’ller:
820 2233 1053 2259 veterascente
1070 2229 1184 2259 videat
1201 2228 1309 2267 gloria
1326 2227 1364 2258 L.
1381 2227 1502 2258 Miiller
1602 2238 1639 2267 15

310 2281 387 2301 vnn
401 2282 562 2301 numerus
577 2272 669 2302 valde
685 2272 804 2302 dubins
918 2273 957 2303 16
983 2272 1083 2302 Dices
1099 2284 1105 2302 :
1129 2272 1208 2311 quid
1225 2282 1350 2311 quaeso
1367 2270 1490 2302 Nobbe:
1517 2271 1618 2302 Dices
1634 2283 1641 2302 :

310 2325 433 2353 quaeso
459 2315 498 2345 L.
514 2317 636 2347 Mz'illcr
744 2317 906 2348 intererat
922 2317 968 2348 ed.
980 2317 1128 2357 princeps
1142 2328 1149 2347 ι
1176 2320 1232 2346 tua
1257 2315 1441 2346 intererat?
1466 2313 1505 2346 L.
1522 2315 1644 2345 Mz'illcr

315 2370 351 2397 17
376 2360 541 2390 severitus
563 2362 622 2402 ne]
649 2361 879 2392 severitudine
897 2360 963 2392 cod.
977 2359 1247 2399 Bambetgensis:
1277 2359 1337 2389 sed
1354 2359 1480 2389 veritus
1503 2369 1545 2388 ne
1562 2357 1639 2398 quei

312 2413 408 2434 casus
421 2403 460 2434 L.
475 2403 598 2435 Mt‘illcr
728 2415 768 2443 23
793 2404 901 2435 ἑνικῶς
917 2403 981 2436 cod.
1001 2403 1305 2444 Montepessulanus
1321 2413 1328 2433 :
1354 2412 1419 2434 om.
1439 2402 1530 2433 ceteri
