1871 2782
443 192 555 231 EPP.
588 194 666 231 AD
697 194 964 242 QVINTVM
995 196 1268 234 FRATREM
1471 197 1534 235 Li

182 302 384 354 provincia
403 303 666 354 adsequimur,
689 303 752 342 vix
771 303 948 342 videmur
967 319 1162 344 summam
1183 307 1507 358 vituperationem

183 382 299 418 posse
337 368 467 407 vitare.
527 371 586 407 Ea
623 376 756 406 nostra
795 369 892 407 ratio
931 377 988 408 est
1029 378 1070 408 ut
1108 385 1245 410 ornnes
1285 372 1379 411 boni
1418 386 1507 410 cum

183 434 338 471 faveant
359 440 442 471 tum
463 433 581 471 etiam
611 447 771 471 ornnem
797 447 820 471 a
843 434 957 472 nobis
985 434 1226 484 diligentiam
1247 436 1508 486 virtutemque

183 505 221 535 et
242 499 441 547 postulent
461 506 499 536 et
519 505 756 548 exspectent,
779 511 917 536 omnes
937 506 1068 537 autem
1089 499 1269 550 improbi,
1288 503 1395 551 quod
1416 515 1506 540 cum

144 570 160 602 5
183 561 227 600 iis
267 563 415 601 bellum
456 562 739 613 sempiternum
782 562 1037 612 suscepimuS,
1078 565 1138 602 vel
1179 564 1341 603 minima
1377 580 1418 605 re
1455 568 1506 605 ad

181 628 551 676 reprehendendum
571 626 748 666 contenti
768 640 853 666 esse
873 626 1086 666 videantur.
1148 630 1238 677 Qua
1259 643 1297 668 re
1318 631 1504 679 quoniam
1525 641 1564 671 42

181 691 263 730 eius
294 693 404 731 modi
432 694 628 731 theatrum
657 691 776 731 totius
806 691 923 730 Asiae
952 692 1158 731 virtutibus
1183 693 1258 731 tuis
1283 702 1340 732 cst
1369 696 1505 733 datum

180 757 405 796 celebritate
425 757 729 805 refertissimum,
752 757 1022 807 magnitudine
1041 758 1336 808 amplissimum,
1360 758 1506 798 iudicio

179 822 498 871 eruditissimum,
521 831 659 861 natura
678 830 810 861 autem
836 823 890 861 ita
901 836 1094 873 ,resonans
1122 831 1164 862 ut
1188 837 1312 874 usque
1334 826 1505 863 Romam

121 903 160 926 ιο
179 886 485 937 significationes
505 901 702 937 vocesque
730 889 954 936 referantur,
977 890 1184 936 contende,
1208 902 1366 938 quaeso,
1389 897 1506 940 atque

178 952 338 990 elabora
358 965 439 990 non
467 954 588 990 modo
612 959 655 990 ut
681 952 742 990 his
771 953 887 991 rebus
914 952 1054 1002 dignus
1083 953 1200 992 fuisse
1220 954 1290 992 sed
1318 954 1434 992 etiam
1463 962 1506 992 ut

177 1015 244 1054 illa
267 1016 400 1055 onmia
426 1017 503 1055 tuis
529 1017 676 1055 artibus
703 1030 906 1067 superasse
931 1017 1097 1065 videare,
1125 1025 1163 1056 et
1192 1018 1380 1068 quoniam
1408 1018 1505 1056 mihi

178 1095 292 1120 casus
313 1083 503 1120 urbanam
523 1082 564 1120 in
584 1082 872 1132 magistratibus
896 1082 1275 1121 administrationem
1304 1083 1357 1121 rei
1382 1083 1506 1133 publi-

178 1160 256 1194 cae,
286 1146 358 1184 tibi
383 1146 663 1197 provincialem
690 1147 811 1194 dedit,
842 1146 873 1185 si
898 1161 985 1185 mea
1009 1160 1097 1197 pars
1124 1147 1272 1185 nemini
1300 1147 1415 1195 cedit,
1444 1149 1504 1186 fac

119 1227 156 1258 15
177 1217 220 1248 ut
249 1217 315 1248 tua
344 1219 494 1249 ceteros
523 1210 663 1248 vincat.
724 1211 849 1249 Simul
877 1218 916 1249 et
946 1211 1043 1249 illud
1072 1211 1210 1261 cogita,
1242 1224 1314 1249 nos
1343 1225 1424 1250 non
1454 1213 1503 1251 de

176 1275 324 1325 reliqua
344 1282 383 1313 et
409 1282 562 1325 sperata
580 1275 702 1325 gloria
722 1274 799 1313 iam
820 1275 995 1313 laborare
1016 1276 1086 1313 sed
1106 1277 1156 1314 de
1176 1283 1285 1326 parta
1305 1275 1500 1325 dimicare,

174 1353 277 1390 quae
306 1339 468 1390 quidem
497 1353 579 1378 non
608 1347 688 1377 tam
718 1342 937 1389 expetenda
966 1340 1081 1378 nobis
1111 1339 1182 1378 fuit
1212 1353 1330 1390 quam
1357 1343 1503 1380 tuenda

174 1411 241 1443 est.
301 1406 362 1443 Ac
397 1403 428 1442 si
459 1403 556 1442 mihi
590 1404 803 1454 quicquam
836 1412 939 1444 esset
972 1406 1041 1444 abs
1072 1413 1110 1444 te
1143 1413 1374 1455 separatum,
1407 1406 1502 1444 nihil

172 1469 340 1520 amplius
378 1469 644 1508 desiderarem
678 1471 754 1508 hoc
789 1477 892 1508 statu
930 1470 998 1520 qui
1030 1470 1126 1508 mihi
1158 1470 1234 1508 iam
1269 1478 1400 1520 partus
1432 1479 1498 1510 est.

115 1551 154 1573 20
173 1536 292 1574 Nunc
312 1548 404 1574 vero
431 1535 487 1574 sic
510 1549 570 1574 res
595 1548 680 1574 sese
700 1536 820 1574 habet
843 1542 896 1583 ut,
919 1535 994 1573 nisi
1015 1535 1147 1574 omnia
1168 1543 1235 1573 tua
1254 1537 1356 1574 facta
1384 1543 1502 1586 atque

171 1600 278 1639 dicta
300 1600 442 1639 nostris
471 1601 587 1639 rebus
617 1600 732 1639 istinc
761 1602 1036 1651 respondeant,
1068 1614 1141 1651 ego
1166 1615 1229 1640 me
1258 1601 1374 1639 tantis
1405 1601 1501 1640 meis

170 1665 371 1704 laboribus
400 1665 597 1715 tantisque
623 1665 805 1716 periculis
836 1679 1004 1716 quorum
1031 1673 1073 1704 tu
1102 1666 1280 1704 omniurn
1308 1666 1500 1717 particeps

170 1730 277 1768 fuisti
309 1730 406 1768 nihil
438 1738 695 1769 consecutum
718 1737 861 1780 putem.
923 1732 1044 1780 Quod
1076 1731 1107 1769 si
1138 1739 1180 1770 ut
1214 1730 1499 1781 amplissimum

169 1808 318 1834 nomen
341 1809 673 1846 consequeremur
696 1810 797 1835 unus
825 1803 977 1847 praeter
1001 1804 1151 1835 ceteros
1176 1796 1369 1843 adiuvisti,
1395 1804 1499 1835 certe

114 1876 150 1908 25
169 1860 276 1899 idem
296 1868 339 1899 ut
358 1860 399 1899 id
419 1861 656 1899 retineamus
686 1869 838 1911 praeter
858 1869 1008 1900 ceteros
1034 1861 1262 1900 elaborabis.
1323 1863 1416 1899 Non
1440 1869 1499 1900 est

168 1924 240 1963 tibi
269 1925 328 1963 his
353 1925 445 1964 solis
474 1926 667 1964 utendum
692 1926 1044 1964 existimationibus
1065 1940 1110 1964 ac
1131 1926 1283 1964 iudiciis
1304 1926 1371 1976 qui
1391 1940 1497 1965 nunc

169 1997 260 2028 sunt
288 1990 495 2028 hominum
525 1991 595 2028 sed
624 1990 669 2029 iis
699 1991 815 2029 etiam
847 1991 914 2041 qui
944 1991 1061 2029 futuri
1095 1999 1209 2039 sunt3
1256 2004 1496 2041 quamquam

168 2054 324 2093 illorum
360 2055 431 2093 erit
460 2055 587 2093 verius
617 2055 808 2094 iudicium
840 2056 1126 2095 obtrectatione
1155 2063 1193 2094 et
1223 2056 1497 2095 malevolentia

1526 994 1569 1032 Ι5

1525 1055 1567 1084 43

167 2119 387 2158 liberatum.
447 2120 631 2171 Denique
652 2121 770 2160 etiarn
791 2121 887 2160 illud
916 2122 1038 2161 debes
1060 2121 1241 2171 cogitare,
1265 2135 1345 2160 non
1366 2129 1404 2160 te
1424 2121 1496 2160 tibi
1514 2133 1555 2163 44

109 2197 150 2228 30
167 2185 239 2223 soli
258 2185 420 2236 gloriam
441 2199 636 2236 quaerere.
697 2188 817 2235 Quod
833 2187 863 2224 si
885 2194 997 2234 esset,
1013 2194 1145 2225 tamen
1165 2200 1246 2224 non
1259 2188 1492 2236 neglegeres,

166 2250 393 2301 praesertim
408 2265 498 2289 curn
515 2251 765 2302 amplissimis
782 2252 1049 2290 monumentis
1063 2265 1292 2290 consecrare
1304 2251 1493 2290 voluisses

211 2352 229 2381 7
253 2343 353 2374 totius
376 2343 479 2374 Asiae
502 2344 684 2374 virtutibus
708 2345 773 2375 tuis
798 2348 850 2374 est
876 2345 988 2374 datum
1015 2344 1048 2377 C.
1076 2342 1167 2382 quod
1185 2349 1286 2383 snpra
1303 2343 1496 2383 glossatoris

167 2396 303 2416 acumen
319 2397 383 2416 esse
398 2387 542 2418 videtur:
567 2388 668 2417 totius
686 2387 743 2418 M:
775 2398 812 2417 es
830 2388 954 2426 potitus
971 2388 1008 2418 F.
1034 2386 1083 2417 W.
1108 2386 1272 2426 lVagner:
1296 2398 1333 2417 es
1357 2387 1493 2417 sortitus

169 2429 270 2459 Orelli
400 2440 438 2469 14
462 2431 489 2460 si
507 2430 699 2471 Malaspina
716 2442 722 2461 :
747 2431 810 2462 etsi
827 2430 869 2461 M
980 2440 1017 2469 15
1043 2431 1092 2472 et]
1111 2431 1211 2460 etiarn
1228 2429 1343 2460 Baiter
1450 2440 1493 2468 23

165 2477 281 2512 putem
298 2476 368 2504 vett.
383 2483 390 2503 t
416 2478 495 2513 puto
511 2475 545 2504 R
561 2485 567 2504 :
591 2484 655 2505 om.
676 2473 718 2504 M

205 2525 270 2546 cxc.
290 2526 338 2547 AD
356 2527 470 2553 ovmr.
491 2526 545 2548 FR.
1386 2517 1407 2547 2
