1871 2782
794 130 1114 167 PRAEFATIO

282 243 508 282 adhibuisse
543 249 583 279 ut
617 240 804 278 amissum
836 239 1015 277 codicem
1051 251 1177 288 paene
1209 239 1336 287 ipsum
1369 239 1612 285 habeamus,

282 321 424 357 nempe
445 307 706 346 Cratandrum
730 304 945 343 editionem
967 302 1251 341 Ascensianam
1273 304 1488 342 secundam
1510 317 1610 353 quae

281 373 423 423 prodiit
448 371 602 410 Parisiis
631 383 782 420 1521—2
813 369 897 420 (Αἵ)
926 382 972 406 ex
1000 368 1333 407 Laurisheimensi
1361 376 1442 406 tam
1471 370 1611 407 sedulo

280 445 538 487 accurateque
571 435 782 474 correxisse
814 442 855 472 ut
887 433 955 472 ubi
984 436 1039 471 Α2
1068 441 1105 472 et
1133 435 1237 472 Crat.
1268 433 1336 485 (sc.
1364 433 1485 471 editio
1520 435 1611 473 Cra-

279 501 475 552 tandrina)
507 500 756 539 consentiant
788 499 841 537 ibi
877 499 1260 537 Laurisheimensem
1296 512 1455 537 cernere
1489 499 1610 549 possi-

280 581 376 614 mus,
396 567 526 616 itaque
548 567 602 603 Α2
623 567 725 604 Crat.
743 564 848 603 idem
865 565 990 603 valeat
1010 577 1056 602 ac
1073 565 1129 602 Ls
1146 563 1608 615 (=Laurisheimensis):

279 633 344 671 ubi
366 633 421 669 Α2
439 640 476 670 et
498 633 600 671 Crat.
624 629 868 677 dissentiant,
891 629 945 668 ibi
970 631 1048 668 fere
1076 643 1230 679 semper
1250 629 1342 681 <nisi
1364 629 1431 668 ubi
1453 642 1608 679 perraro

278 711 413 747 parum
435 696 537 735 cavit
558 703 695 734 natura
711 694 901 745 humana)
919 696 1022 734 Crat.
1043 694 1427 733 Laurisheimensem
1444 695 1584 733 reddat
1601 710 1607 733 :

277 770 476 812 postremo
503 761 571 800 ubi
596 763 630 800 C
646 761 696 799 ab
717 762 771 798 Α2
793 761 897 800 Crat.
921 759 1127 809 discrepet,
1151 759 1191 797 in
1212 759 1256 797 iis
1278 760 1394 798 rebus
1420 761 1456 798 C
1475 773 1606 798 veram

277 827 627 867 Laurisheimensis
643 826 854 877 imaginem
875 833 966 865 ante
982 828 1119 865 oculos
1139 833 1294 864 nostros
1310 833 1443 876 ponat.
1494 827 1608 875 Quae

276 895 407 932 omnia
436 892 578 932 eximia
607 891 787 931 doctrina
820 906 843 930 a
875 891 1046 930 Gurlitto
1075 891 1275 942 disputata
1313 890 1352 928 in
1387 892 1461 929 hac
1491 904 1607 941 quae-

274 958 400 996 stione
421 965 623 1007 tamquam
651 957 690 994 in
715 956 874 995 cardine
894 963 1098 995 vertuntur
1117 963 1247 994 utrum
1270 956 1488 995 Cratander
1514 955 1607 994 ami-

274 1037 423 1073 cusque
454 1023 537 1061 eius
569 1022 780 1061 Sichardus
815 1022 1022 1060 codicibus
1058 1020 1468 1060 Laurisheimensibus
1498 1028 1605 1059 tanta

272 1088 336 1126 illa
370 1087 556 1138 religione
590 1095 738 1137 quanta
770 1087 893 1126 voluit
928 1087 1072 1126 Gurlitt
1111 1087 1170 1125 usi
1209 1086 1296 1134 sint,
1330 1100 1381 1125 an
1419 1100 1512 1125 cura
1545 1089 1605 1126 vel

272 1153 401 1203 potius
433 1153 583 1192 incuria
612 1154 719 1203 apud
751 1152 853 1191 viros
883 1154 1023 1191 doctos
1054 1152 1198 1190 saeculi
1230 1152 1327 1190 sexti
1356 1152 1502 1191 decimi
1531 1152 1607 1190 usi-

271 1226 360 1257 tata.
432 1221 525 1257 Hoc
566 1226 678 1268 putat
718 1219 765 1257 O.
799 1220 843 1256 E.
876 1217 1057 1256 Schmidt
1071 1218 1092 1264 ¹,
1129 1217 1185 1255 vir
1220 1217 1364 1255 summi
1398 1217 1530 1267 ingeni
1565 1217 1604 1255 in

271 1297 310 1322 re
344 1283 476 1322 critica
514 1285 683 1322 multum
717 1290 903 1330 versatus,
937 1282 1003 1332 qui
1038 1296 1150 1321 veros
1181 1282 1534 1321 Laurisheimensis
1564 1282 1604 1320 in

272 1349 478 1388 Cratandri
512 1349 686 1388 editione
720 1356 758 1387 et
792 1348 831 1386 in
861 1348 964 1387 notis
999 1348 1174 1398 margine
1203 1347 1393 1397 adpositis
1423 1348 1604 1386 inventos

271 1428 354 1453 esse
375 1416 628 1453 vehementer
647 1414 800 1453 diffidit.
861 1414 927 1452 Lis
957 1415 1137 1452 nondum
1159 1413 1373 1452 diiudicata
1396 1421 1478 1462 est,
1508 1413 1604 1451 mihi

272 1479 432 1529 quidem
455 1480 612 1518 Gurlitti
632 1479 767 1530 opinio
790 1479 912 1530 magis
932 1479 1095 1518 adridet.

327 1545 652 1584 Commentarioli
692 1544 897 1584 Petitionis
937 1546 1037 1584 duos
1076 1544 1248 1595 optimos
1287 1544 1446 1583 codices
1488 1544 1603 1583 nobis

272 1611 347 1648 iam
377 1618 492 1649 notos
518 1611 557 1648 in
587 1610 775 1661 Epistulis
804 1612 854 1649 ad
883 1610 1109 1649 Familiares
1139 1610 1342 1656 habemus,
1366 1610 1509 1660 quibus
1539 1611 1604 1648 ad-

274 1676 468 1714 miniculis
498 1676 706 1726 praecipue
742 1676 912 1724 nitimur,
940 1677 1209 1715 Erfurtensem
1239 1690 1346 1714 nunc
1377 1675 1603 1713 Berolinen—

273 1755 353 1779 sem
386 1741 463 1792 (F)
494 1749 531 1780 et
568 1742 827 1780 Harleianum
866 1744 966 1780 2682
1000 1741 1100 1793 (H).
1161 1743 1220 1779 Ex
1255 1741 1463 1780 Biicheleri
1502 1740 1601 1778 libro

271 1807 339 1855 (Q.
386 1808 574 1845 Cscerom's
621 1807 805 1856 reliquiae
848 1806 977 1857 1869),
1019 1820 1136 1857 opere
1180 1808 1301 1845 docto
1340 1806 1599 1856 elegantique,

272 1874 392 1910 multa
432 1873 620 1911 discimus
664 1874 714 1911 de
756 1872 840 1910 aliis
880 1872 1207 1911 Commentarioli
1255 1871 1362 1910 libris
1405 1879 1442 1910 et
1482 1885 1601 1909 manu

272 1936 422 1986 scriptis
449 1945 486 1975 et
513 1937 613 1987 typis
643 1936 853 1986 impressis,
878 1936 1234 1987 Lagomarsinianis
1264 1935 1411 1975 scilicet
1437 1936 1600 1986 aliisque

272 2002 417 2050 paucis,
458 2002 642 2040 omnibus
681 2010 813 2040 tamen
859 2002 965 2052 parvi
1004 2003 1101 2052 preti
1141 2010 1183 2040 ut
1222 2001 1524 2052 interpolatione
1563 2008 1600 2039 et

271 2066 549 2115 depravatione
579 2067 785 2117 multiplici
815 2067 1006 2106 foedatis:
1041 2067 1141 2106 inter
1171 2080 1270 2116 quos
1300 2067 1364 2105 ille
1395 2068 1601 2116 Lagomar-

271 2131 444 2169 sinianus
465 2145 629 2170 numero
653 2144 701 2181 50
722 2140 879 2171 notatus
901 2146 980 2182 quo
1003 2132 1240 2171 Lambinum
1263 2145 1376 2169 usum
1399 2144 1483 2169 esse
1508 2131 1598 2168 satis

271 2204 422 2235 constat
445 2198 549 2235 haud
571 2211 726 2247 prorsus
747 2199 992 2248 spernendus
1014 2198 1176 2236 videtur.

316 2338 321 2353 ¹
349 2337 409 2367 Dt'e
434 2338 718 2378 lmndsclzriftliclze
745 2340 1001 2378 Ueberliqfernng
1031 2339 1088 2368 der
1110 2339 1216 2377 Brisfe
1248 2338 1369 2368 Csceros
1396 2349 1441 2368 cm
1467 2338 1500 2367 A
1506 2338 1599 2368 ltr'cus

273 2390 295 2406 “‘
309 2389 529 2429 Philologns‚’
549 2392 641 2429 1806.
663 2401 693 2430 p.
713 2391 803 2431 726).
