1871 2782
435 181 547 219 EPP.
581 181 659 220 AD
690 181 956 230 QVINTVM
989 182 1264 220 FRATREM
1465 181 1543 220 ΙΙΙ.
1561 181 1639 219 viii

223 318 341 354 VIII
503 322 570 355 Scr.
591 324 720 356 Romae
734 335 779 356 cx.
801 335 845 356 m.
865 324 949 356 Nov.
967 336 996 356 a.
1021 336 1078 364 700
1097 325 1185 367 (54).

405 397 603 431 .UARCVS
625 399 803 440 QVINTO
824 400 920 430 FRA
931 400 1012 431 TRI
1031 401 1274 433 SALVTEM.

234 475 430 526 Superiori
474 476 663 527 epistulae
704 478 813 528 quod
856 479 1117 528 respondeam
1159 479 1254 517 nihil
1296 486 1364 526 est,
1406 487 1544 530 quaeI

180 542 296 590 plena
329 541 522 580 stomachi
555 549 593 580 et
621 544 866 592 querelarum
896 550 964 589 est,
993 556 1074 592 quo
1103 542 1143 580 in
1171 556 1313 592 genere
1346 545 1507 581 alteram

143 622 159 653 5
180 620 340 656 quoque
373 614 410 646 te
444 607 579 646 scribis
610 607 734 658 pridie
766 607 943 646 Labieno
977 607 1144 654 dedisse,
1171 608 1238 657 qui
1267 609 1398 646 adhuc
1427 621 1508 646 non

179 679 346 710 venerat.
407 671 563 711 Delevit
596 672 702 711 enim
732 671 829 711 mihi
863 686 1023 711 omnem
1063 672 1283 711 molestiam
1317 672 1510 711 recentior

179 736 356 786 epistula.
414 739 588 776 Tantum
613 745 650 776 te
677 745 715 776 et
739 751 883 777 moneo
908 745 946 776 et
975 750 1070 787 rogo
1090 744 1133 775 ut
1152 736 1192 774 in
1213 736 1295 775 istis
1320 736 1509 775 molestiis

179 809 217 840 et
237 802 436 841 laboribus
457 810 494 840 et
515 802 717 841 desideriis
740 803 944 841 recordere
971 801 1180 840 consilium
1201 809 1378 839 nostrum
1400 802 1508 851 quod

178 866 292 905 fuerit
328 866 580 917 profectionis
619 875 718 905 tuae.
787 868 880 905 Non
918 866 1024 905 enim
1062 867 1273 904 commoda
1311 867 1507 915 quaedam

122 948 159 971 10
177 932 440 981 sequebamur
471 945 588 982 parva
624 946 671 970 ac
709 932 932 971 mediocria.
993 931 1101 980 Quid
1136 931 1240 970 enim
1280 938 1360 970 erat
1398 932 1506 981 quod

178 996 353 1035 discessu
384 1004 517 1035 nostro
552 998 766 1036 emendum
796 998 1051 1046 putaremus?
1097 995 1341 1034 Praesidium
1372 995 1507 1034 firmis-

179 1060 321 1099 simum
337 1062 569 1111 petebamus
590 1076 636 1100 ex
656 1061 795 1112 optimi
816 1069 853 1100 et
868 1060 1130 1111 potentissimi
1146 1060 1215 1098 viri
1231 1060 1507 1099 benevolentia

178 1126 228 1164 ad
245 1139 404 1164 omnem
426 1134 569 1164 statum
591 1134 746 1165 nostrae
766 1126 975 1176 dignitatis.
1027 1127 1142 1163 Plura
1161 1132 1363 1175 ponuntur
1382 1124 1421 1162 in
1438 1138 1506 1175 spe

178 1204 297 1240 quam
319 1190 487 1241 petimus
502 1205 512 1239 3
541 1190 690 1240 reliqua
704 1191 755 1229 ad
775 1190 963 1229 iacturam
983 1197 1235 1228 reserventur.
1296 1190 1387 1237 Qua
1405 1202 1456 1236 re,
1475 1190 1506 1227 si

121 1271 158 1305 15
178 1255 315 1293 crebro
344 1256 484 1293 referes
514 1254 690 1293 animum
715 1262 826 1293 tuum
852 1256 904 1293 ad
930 1253 1121 1292 rationem
1146 1261 1184 1292 et
1204 1253 1343 1292 veteris
1368 1253 1507 1292 consili

177 1319 298 1358 nostri
325 1326 363 1357 et
387 1318 479 1369 spei,
507 1318 657 1357 facilius
685 1318 778 1357 istos
805 1318 965 1357 militiae
992 1318 1144 1357 labores
1171 1325 1379 1368 ceteraque
1406 1332 1507 1368 quae

176 1390 214 1422 te
238 1384 444 1422 offendunt
468 1384 566 1422 feres
594 1390 632 1422 et
662 1391 794 1422 tamen
823 1397 914 1422 cum
938 1384 1045 1422 voles
1072 1384 1259 1433 depones.
1320 1383 1398 1421 Sed
1422 1382 1505 1421 eius

175 1448 229 1486 rei
258 1448 458 1486 maturitas
488 1450 716 1498 nequedum
742 1448 848 1487 venit
874 1456 912 1487 et
938 1456 1070 1486 tamen
1096 1447 1174 1486 iarn
1200 1448 1500 1498 adpropinquat.

176 1513 308 1551 Etiam
342 1513 438 1552 illud
470 1521 507 1552 te
537 1515 736 1552 admoneo
767 1528 816 1552 ne
854 1513 950 1563 quid
981 1512 1069 1551 ullis
1100 1512 1235 1551 litteris
1266 1512 1499 1559 committas,
1520 1523 1544 1550 2

118 1596 156 1618 20
175 1578 284 1627 quod
314 1577 345 1615 si
373 1579 569 1627 prolatum
600 1577 658 1624 sit,
692 1579 856 1617 moleste
885 1580 1063 1616 feramus.
1125 1578 1254 1615 Multa
1282 1583 1373 1615 sunt
1402 1589 1503 1626 quae

175 1656 247 1693 ego
276 1643 426 1682 nescire
455 1645 559 1682 malo
593 1657 711 1694 quarn
746 1657 837 1682 cum
869 1642 1003 1693 aliquo
1033 1642 1207 1693 periculo
1239 1641 1320 1680 fieri
1351 1641 1500 1680 certior.

175 1709 291 1746 Plura
313 1710 364 1746 ad
389 1716 426 1747 te
452 1722 578 1748 vacuo
604 1709 738 1747 animo
765 1708 933 1747 scribam
958 1722 1059 1756 cum,
1082 1715 1125 1746 ut
1149 1721 1273 1758 spero,
1297 1721 1338 1745 se
1363 1707 1503 1746 Cicero

174 1787 285 1812 meus
315 1774 417 1812 belle
446 1774 618 1813 habebit.
677 1776 740 1812 Tu
768 1774 885 1813 velim
916 1786 1026 1811 cures
1047 1780 1089 1811 ut
1109 1772 1229 1810 sciam
1260 1772 1402 1822 quibus
1430 1784 1501 1809 nos

173 1839 266 1876 dare
304 1846 483 1888 oporteat
521 1853 585 1877 eas
623 1853 721 1889 quas
760 1840 811 1877 ad
849 1846 887 1876 te
921 1837 1066 1876 deinde
1104 1837 1248 1875 litteras
1289 1836 1498 1883 mittemus,

115 1920 152 1952 ²5
175 1903 404 1942 Caesarisne
438 1904 646 1942 tabellariis
674 1911 716 1941 ut
747 1903 777 1941 is
811 1905 861 1942 ad
892 1910 931 1941 te
964 1902 1140 1952 protinus
1175 1901 1313 1948 mittat,
1341 1915 1392 1939 an
1431 1903 1503 1939 La-

173 1968 290 2008 bieni.
349 1969 429 2007 Vbi
468 1969 573 2008 enim
607 1968 669 2007 isti
702 1968 779 2006 sint
813 1967 946 2006 Nervii
985 1974 1023 2005 et
1061 1980 1179 2017 quam
1218 1967 1333 2015 longe
1371 1965 1501 2004 absint

172 2034 316 2073 nescio.

227 2101 289 2138 De
314 2099 454 2138 virtute
481 2106 519 2138 et
544 2098 729 2149 gravitate
751 2097 937 2143 Caesaris,
961 2110 1079 2147 quam
1109 2096 1148 2134 in
1178 2109 1334 2134 summo
1363 2097 1499 2134 dolore
1517 2110 1541 2148 3

170 2164 425 2212 adhibuisset,
462 2177 645 2214 magnam
683 2177 730 2202 ex
767 2162 932 2213 epistula
970 2169 1036 2200 tua
1076 2161 1210 2211 accepi
1244 2162 1498 2211 voluptatem.

214 2279 234 2307 3
258 2269 347 2308 quod
364 2268 457 2299 Man.
476 2279 482 2298 :
507 2268 585 2307 quid
604 2267 645 2297 M
784 2276 803 2305 5
830 2265 979 2297 Labeoni
997 2265 1112 2296 Zielzcn
1129 2277 1135 2295 ε
1170 2265 1344 2295 tabellario
1365 2264 1501 2295 Labieni

170 2311 298 2343 Schiche
383 2312 439 2351 qui
456 2314 526 2343 velt.
545 2323 551 2341 :
567 2311 645 2350 quia
657 2310 716 2341 M:
740 2321 824 2350 quae
841 2310 1013 2340 Raufclten
1107 2318 1141 2338 11
1169 2309 1363 2338 merendum
1381 2307 1498 2339 Lamb.

175 2366 212 2386 12
237 2355 432 2394 petebamus
447 2358 516 2386 vett.
537 2366 544 2386 ε
571 2354 768 2395 putabamus
785 2353 827 2384 M
935 2362 973 2390 14
1000 2352 1143 2392 petimus
1163 2352 1190 2382 C
1204 2351 1376 2391 Landt'que
1391 2351 1476 2383 codd.
1496 2363 1502 2382 :

172 2399 204 2429 in
230 2399 382 2438 pecuniis
406 2398 502 2430 MRI
676 2402 893 2429 reserventur
921 2395 988 2428 CM
1012 2406 1118 2436 matg.
1143 2395 1163 2426 I
1181 2394 1354 2436 Landt'que
1390 2394 1496 2427 codd.:

171 2446 341 2474 struentur
358 2441 399 2471 M
525 2452 566 2482 29
590 2442 706 2481 accepi
723 2440 783 2472 M:
807 2440 880 2481 cepi
898 2439 1007 2470 Baiter
