<?xml version="1.0" encoding="UTF-8"?>
<!DOCTYPE html PUBLIC "-//W3C//DTD XHTML 1.0 Transitional//EN"
    "http://www.w3.org/TR/xhtml1/DTD/xhtml1-transitional.dtd">
<html xmlns="http://www.w3.org/1999/xhtml" xml:lang="en" lang="en">
 <head>
  <title>
</title>
<meta http-equiv="Content-Type" content="text/html;charset=utf-8" />
  <meta name='ocr-system' content='tesseract 3.04.00' />
  <meta name='ocr-capabilities' content='ocr_page ocr_carea ocr_par ocr_line ocrx_word'/>
</head>
<body>
  <div class='ocr_page' id='page_1' title='image "./epistulaerecogno03ciceuoft_0016.png"; bbox 0 0 1871 2782; ppageno 0'>
   <div class='ocr_carea' id='block_1_1' title="bbox 274 582 294 614">
    <p class='ocr_par' dir='ltr' id='par_1_1' title="bbox 274 582 294 614">
     <span class='ocr_line' id='line_1_1' title="bbox 274 582 294 614; baseline 0 0"><span class='ocrx_word' id='word_1_1' title='bbox 274 582 294 614; x_wconf 87' lang='lat'>9</span> 
     </span>
    </p>
   </div>
   <div class='ocr_carea' id='block_1_2' title="bbox 270 1205 294 1241">
    <p class='ocr_par' dir='ltr' id='par_1_2' title="bbox 270 1205 294 1241">
     <span class='ocr_line' id='line_1_2' title="bbox 270 1205 294 1241; baseline 0 0"><span class='ocrx_word' id='word_1_2' title='bbox 270 1205 294 1241; x_wconf 88' lang='lat'><strong>3</strong></span> 
     </span>
    </p>
   </div>
   <div class='ocr_carea' id='block_1_3' title="bbox 257 1264 296 1286">
    <p class='ocr_par' dir='ltr' id='par_1_3' title="bbox 257 1264 296 1286">
     <span class='ocr_line' id='line_1_3' title="bbox 257 1264 296 1286; baseline 0 0"><span class='ocrx_word' id='word_1_3' title='bbox 257 1264 296 1286; x_wconf 88' lang='lat'>10</span> 
     </span>
    </p>
   </div>
   <div class='ocr_carea' id='block_1_4' title="bbox 250 2076 282 2097">
    <p class='ocr_par' dir='ltr' id='par_1_4' title="bbox 250 2076 282 2097">
     <span class='ocr_line' id='line_1_4' title="bbox 250 2076 282 2097; baseline 0 0"><span class='ocrx_word' id='word_1_4' title='bbox 250 2076 282 2097; x_wconf 91' lang='lat'>11</span> 
     </span>
    </p>
   </div>
   <div class='ocr_carea' id='block_1_5' title="bbox 306 138 1282 178">
    <p class='ocr_par' dir='ltr' id='par_1_5' title="bbox 306 138 1282 178">
     <span class='ocr_line' id='line_1_5' title="bbox 306 138 1282 178; baseline 0.001 -1"><span class='ocrx_word' id='word_1_5' title='bbox 306 141 369 178; x_wconf 91' lang='lat' dir='ltr'>I.i</span> <span class='ocrx_word' id='word_1_6' title='bbox 687 138 743 175; x_wconf 90' lang='lat' dir='ltr'>M.</span> <span class='ocrx_word' id='word_1_7' title='bbox 775 138 944 175; x_wconf 92' lang='lat' dir='ltr'>TVLLI</span> <span class='ocrx_word' id='word_1_8' title='bbox 976 138 1282 178; x_wconf 87' lang='lat' dir='ltr'>CICERONIS</span> 
     </span>
    </p>
   </div>
   <div class='ocr_carea' id='block_1_6' title="bbox 308 247 1650 1788">
    <p class='ocr_par' dir='ltr' id='par_1_6' title="bbox 310 247 1650 1205">
     <span class='ocr_line' id='line_1_6' title="bbox 315 247 1649 300; baseline 0.003 -13"><span class='ocrx_word' id='word_1_9' title='bbox 315 263 395 288; x_wconf 89' lang='lat' dir='ltr'>non</span> <span class='ocrx_word' id='word_1_10' title='bbox 428 255 469 287; x_wconf 95' lang='lat' dir='ltr'>ut</span> <span class='ocrx_word' id='word_1_11' title='bbox 501 247 630 295; x_wconf 79' lang='lat' dir='ltr'>facias,</span> <span class='ocrx_word' id='word_1_12' title='bbox 657 249 727 287; x_wconf 91' lang='lat' dir='ltr'>sed</span> <span class='ocrx_word' id='word_1_13' title='bbox 756 254 798 286; x_wconf 91' lang='lat' dir='ltr'>ut</span> <span class='ocrx_word' id='word_1_14' title='bbox 828 255 866 286; x_wconf 92' lang='lat' dir='ltr'>te</span> <span class='ocrx_word' id='word_1_15' title='bbox 897 250 1023 287; x_wconf 91' lang='lat' dir='ltr'>facere</span> <span class='ocrx_word' id='word_1_16' title='bbox 1055 256 1093 288; x_wconf 93' lang='lat' dir='ltr'>et</span> <span class='ocrx_word' id='word_1_17' title='bbox 1122 249 1262 289; x_wconf 87' lang='lat' dir='ltr'>secisse</span> <span class='ocrx_word' id='word_1_18' title='bbox 1291 247 1462 300; x_wconf 81' lang='lat' dir='ltr'><strong>gaudeas</strong></span> <span class='ocrx_word' id='word_1_19' title='bbox 1495 251 1624 291; x_wconf 89' lang='lat' dir='ltr'>scribo</span> <span class='ocrx_word' id='word_1_20' title='bbox 1640 266 1649 300; x_wconf 87' lang='lat'>;</span> 
     </span>
     <span class='ocr_line' id='line_1_7' title="bbox 314 311 1650 364; baseline 0.004 -14"><span class='ocrx_word' id='word_1_21' title='bbox 314 314 556 363; x_wconf 85' lang='lat' dir='ltr'>praeclarum</span> <span class='ocrx_word' id='word_1_22' title='bbox 587 319 646 351; x_wconf 87' lang='lat' dir='ltr'>est</span> <span class='ocrx_word' id='word_1_23' title='bbox 680 311 786 351; x_wconf 89' lang='lat' dir='ltr'>enim</span> <span class='ocrx_word' id='word_1_24' title='bbox 825 326 981 351; x_wconf 89' lang='lat' dir='ltr'>summo</span> <span class='ocrx_word' id='word_1_25' title='bbox 1012 327 1103 352; x_wconf 92' lang='lat' dir='ltr'>curn</span> <span class='ocrx_word' id='word_1_26' title='bbox 1134 314 1300 364; x_wconf 90' lang='lat' dir='ltr'>imperio</span> <span class='ocrx_word' id='word_1_27' title='bbox 1333 315 1453 354; x_wconf 90' lang='lat' dir='ltr'>fuisse</span> <span class='ocrx_word' id='word_1_28' title='bbox 1483 315 1523 354; x_wconf 91' lang='lat' dir='ltr'>in</span> <span class='ocrx_word' id='word_1_29' title='bbox 1555 316 1650 355; x_wconf 90' lang='lat' dir='ltr'>Asia</span> 
     </span>
     <span class='ocr_line' id='line_1_8' title="bbox 315 375 1649 429; baseline 0.002 -14"><span class='ocrx_word' id='word_1_30' title='bbox 315 376 526 415; x_wconf 90' lang='lat' dir='ltr'>triennium</span> <span class='ocrx_word' id='word_1_31' title='bbox 555 375 610 414; x_wconf 90' lang='lat' dir='ltr'>sic</span> <span class='ocrx_word' id='word_1_32' title='bbox 640 383 682 414; x_wconf 91' lang='lat' dir='ltr'>ut</span> <span class='ocrx_word' id='word_1_33' title='bbox 713 378 865 415; x_wconf 88' lang='lat' dir='ltr'>nullum</span> <span class='ocrx_word' id='word_1_34' title='bbox 899 385 938 416; x_wconf 92' lang='lat' dir='ltr'>te</span> <span class='ocrx_word' id='word_1_35' title='bbox 971 377 1136 427; x_wconf 84' lang='lat' dir='ltr'>signum,</span> <span class='ocrx_word' id='word_1_36' title='bbox 1169 380 1276 417; x_wconf 92' lang='lat' dir='ltr'>nulla</span> <span class='ocrx_word' id='word_1_37' title='bbox 1304 378 1464 429; x_wconf 83' lang='lat' dir='ltr'>pictura,</span> <span class='ocrx_word' id='word_1_38' title='bbox 1496 381 1649 418; x_wconf 89' lang='lat' dir='ltr'>nullum</span> 
     </span>
     <span class='ocr_line' id='line_1_9' title="bbox 316 440 1646 494; baseline 0.003 -16"><span class='ocrx_word' id='word_1_39' title='bbox 316 454 393 488; x_wconf 87' lang='lat' dir='ltr'>vas,</span> <span class='ocrx_word' id='word_1_40' title='bbox 417 442 523 478; x_wconf 90' lang='lat' dir='ltr'>nulla</span> <span class='ocrx_word' id='word_1_41' title='bbox 536 440 665 488; x_wconf 79' lang='lat' dir='ltr'>vestis,</span> <span class='ocrx_word' id='word_1_42' title='bbox 684 442 836 479; x_wconf 90' lang='lat' dir='ltr'>nullum</span> <span class='ocrx_word' id='word_1_43' title='bbox 859 441 1112 491; x_wconf 80' lang='lat' dir='ltr'>mancipium,</span> <span class='ocrx_word' id='word_1_44' title='bbox 1128 444 1236 481; x_wconf 69' lang='lat' dir='ltr'>nulia</span> <span class='ocrx_word' id='word_1_45' title='bbox 1256 444 1382 481; x_wconf 88' lang='lat' dir='ltr'>forma</span> <span class='ocrx_word' id='word_1_46' title='bbox 1401 444 1646 494; x_wconf 88' lang='lat' dir='ltr'>cuiusquam,</span> 
     </span>
     <span class='ocr_line' id='line_1_10' title="bbox 316 505 1645 557; baseline 0.002 -14"><span class='ocrx_word' id='word_1_47' title='bbox 316 507 422 544; x_wconf 89' lang='lat' dir='ltr'>nulla</span> <span class='ocrx_word' id='word_1_48' title='bbox 442 505 627 544; x_wconf 90' lang='lat' dir='ltr'>condicio</span> <span class='ocrx_word' id='word_1_49' title='bbox 642 506 844 556; x_wconf 87' lang='lat' dir='ltr'>pecuniae,</span> <span class='ocrx_word' id='word_1_50' title='bbox 861 506 1005 556; x_wconf 86' lang='lat' dir='ltr'>quibus</span> <span class='ocrx_word' id='word_1_51' title='bbox 1025 508 1142 546; x_wconf 88' lang='lat' dir='ltr'>rebus</span> <span class='ocrx_word' id='word_1_52' title='bbox 1154 507 1333 546; x_wconf 83' lang='lat' dir='ltr'>abundat</span> <span class='ocrx_word' id='word_1_53' title='bbox 1349 507 1421 546; x_wconf 87' lang='lat' dir='ltr'>ista</span> <span class='ocrx_word' id='word_1_54' title='bbox 1434 508 1645 557; x_wconf 87' lang='lat' dir='ltr'>provincia,</span> 
     </span>
     <span class='ocr_line' id='line_1_11' title="bbox 314 566 1648 622; baseline 0.002 -14"><span class='ocrx_word' id='word_1_55' title='bbox 314 566 363 608; x_wconf 87' lang='lat' dir='ltr'>ab</span> <span class='ocrx_word' id='word_1_56' title='bbox 378 583 532 608; x_wconf 89' lang='lat' dir='ltr'>summa</span> <span class='ocrx_word' id='word_1_57' title='bbox 548 570 767 620; x_wconf 88' lang='lat' dir='ltr'>integritate</span> <span class='ocrx_word' id='word_1_58' title='bbox 783 571 1105 622; x_wconf 76' lang='lat' dir='ltr'>continentiaque</span> <span class='ocrx_word' id='word_1_59' title='bbox 1119 572 1333 611; x_wconf 86' lang='lat' dir='ltr'>deduxerit.</span> <span class='ocrx_word' id='word_1_60' title='bbox 1391 572 1500 622; x_wconf 85' lang='lat' dir='ltr'>Quid</span> <span class='ocrx_word' id='word_1_61' title='bbox 1515 581 1648 612; x_wconf 87' lang='lat' dir='ltr'>autem</span> 
     </span>
     <span class='ocr_line' id='line_1_12' title="bbox 313 635 1647 687; baseline 0.002 -14"><span class='ocrx_word' id='word_1_62' title='bbox 313 635 470 685; x_wconf 90' lang='lat' dir='ltr'>reperiri</span> <span class='ocrx_word' id='word_1_63' title='bbox 509 643 588 673; x_wconf 90' lang='lat' dir='ltr'>tam</span> <span class='ocrx_word' id='word_1_64' title='bbox 628 635 815 674; x_wconf 88' lang='lat' dir='ltr'>eximium</span> <span class='ocrx_word' id='word_1_65' title='bbox 853 644 920 674; x_wconf 90' lang='lat' dir='ltr'>aut</span> <span class='ocrx_word' id='word_1_66' title='bbox 951 644 1032 675; x_wconf 88' lang='lat' dir='ltr'>tam</span> <span class='ocrx_word' id='word_1_67' title='bbox 1067 639 1334 687; x_wconf 90' lang='lat' dir='ltr'>expetendum</span> <span class='ocrx_word' id='word_1_68' title='bbox 1365 644 1496 687; x_wconf 87' lang='lat' dir='ltr'>potest</span> <span class='ocrx_word' id='word_1_69' title='bbox 1527 651 1647 687; x_wconf 87' lang='lat' dir='ltr'>quam</span> 
     </span>
     <span class='ocr_line' id='line_1_13' title="bbox 313 690 1647 752; baseline 0.002 -15"><span class='ocrx_word' id='word_1_70' title='bbox 313 690 427 738; x_wconf 84' lang='lat' dir='ltr'>istam</span> <span class='ocrx_word' id='word_1_71' title='bbox 461 700 655 748; x_wconf 86' lang='lat' dir='ltr'>virtutem,</span> <span class='ocrx_word' id='word_1_72' title='bbox 698 700 1011 740; x_wconf 79' lang='lat' dir='ltr'>moderationem</span> <span class='ocrx_word' id='word_1_73' title='bbox 1050 701 1183 750; x_wconf 88' lang='lat' dir='ltr'>animi,</span> <span class='ocrx_word' id='word_1_74' title='bbox 1225 703 1526 752; x_wconf 84' lang='lat' dir='ltr'>temperantiam</span> <span class='ocrx_word' id='word_1_75' title='bbox 1565 717 1647 741; x_wconf 91' lang='lat' dir='ltr'>non</span> 
     </span>
     <span class='ocr_line' id='line_1_14' title="bbox 312 764 1646 816; baseline 0.002 -14"><span class='ocrx_word' id='word_1_76' title='bbox 312 766 431 803; x_wconf 89' lang='lat' dir='ltr'>latere</span> <span class='ocrx_word' id='word_1_77' title='bbox 451 765 491 802; x_wconf 93' lang='lat' dir='ltr'>in</span> <span class='ocrx_word' id='word_1_78' title='bbox 513 764 684 804; x_wconf 87' lang='lat' dir='ltr'>tenebris</span> <span class='ocrx_word' id='word_1_79' title='bbox 710 779 840 816; x_wconf 82' lang='lat' dir='ltr'>neque</span> <span class='ocrx_word' id='word_1_80' title='bbox 868 780 953 804; x_wconf 90' lang='lat' dir='ltr'>esse</span> <span class='ocrx_word' id='word_1_81' title='bbox 977 766 1165 815; x_wconf 89' lang='lat' dir='ltr'>abditam,</span> <span class='ocrx_word' id='word_1_82' title='bbox 1190 768 1260 805; x_wconf 91' lang='lat' dir='ltr'>sed</span> <span class='ocrx_word' id='word_1_83' title='bbox 1285 766 1325 805; x_wconf 93' lang='lat' dir='ltr'>in</span> <span class='ocrx_word' id='word_1_84' title='bbox 1346 769 1433 805; x_wconf 91' lang='lat' dir='ltr'>luce</span> <span class='ocrx_word' id='word_1_85' title='bbox 1454 767 1582 814; x_wconf 87' lang='lat' dir='ltr'>Asiae,</span> <span class='ocrx_word' id='word_1_86' title='bbox 1605 767 1646 805; x_wconf 93' lang='lat' dir='ltr'>in</span> 
     </span>
     <span class='ocr_line' id='line_1_15' title="bbox 311 829 1645 881; baseline 0.001 -14"><span class='ocrx_word' id='word_1_87' title='bbox 311 829 435 868; x_wconf 92' lang='lat' dir='ltr'>oculis</span> <span class='ocrx_word' id='word_1_88' title='bbox 479 829 715 869; x_wconf 83' lang='lat' dir='ltr'>clarissimae</span> <span class='ocrx_word' id='word_1_89' title='bbox 755 830 980 881; x_wconf 87' lang='lat' dir='ltr'>provinciae</span> <span class='ocrx_word' id='word_1_90' title='bbox 1027 839 1147 881; x_wconf 81' lang='lat' dir='ltr'>atque</span> <span class='ocrx_word' id='word_1_91' title='bbox 1187 831 1228 869; x_wconf 91' lang='lat' dir='ltr'>in</span> <span class='ocrx_word' id='word_1_92' title='bbox 1267 832 1427 870; x_wconf 90' lang='lat' dir='ltr'>auribus</span> <span class='ocrx_word' id='word_1_93' title='bbox 1465 831 1645 870; x_wconf 92' lang='lat' dir='ltr'>omnium</span> 
     </span>
     <span class='ocr_line' id='line_1_16' title="bbox 310 894 1645 946; baseline 0.001 -14"><span class='ocrx_word' id='word_1_94' title='bbox 310 894 486 944; x_wconf 89' lang='lat' dir='ltr'>gentium</span> <span class='ocrx_word' id='word_1_95' title='bbox 518 908 564 933; x_wconf 90' lang='lat' dir='ltr'>ac</span> <span class='ocrx_word' id='word_1_96' title='bbox 598 895 805 933; x_wconf 88' lang='lat' dir='ltr'>nationum</span> <span class='ocrx_word' id='word_1_97' title='bbox 845 909 931 934; x_wconf 90' lang='lat' dir='ltr'>esse</span> <span class='ocrx_word' id='word_1_98' title='bbox 968 895 1171 946; x_wconf 80' lang='lat' dir='ltr'>positam?</span> <span class='ocrx_word' id='word_1_99' title='bbox 1220 909 1302 934; x_wconf 92' lang='lat' dir='ltr'>non</span> <span class='ocrx_word' id='word_1_100' title='bbox 1333 895 1537 935; x_wconf 87' lang='lat' dir='ltr'>itineribus</span> <span class='ocrx_word' id='word_1_101' title='bbox 1569 896 1645 934; x_wconf 89' lang='lat' dir='ltr'>tuis</span> 
     </span>
     <span class='ocr_line' id='line_1_17' title="bbox 310 959 1644 1012; baseline 0.001 -14"><span class='ocrx_word' id='word_1_102' title='bbox 310 959 512 1010; x_wconf 89' lang='lat' dir='ltr'>perterreri</span> <span class='ocrx_word' id='word_1_103' title='bbox 551 960 743 1009; x_wconf 88' lang='lat' dir='ltr'>homines,</span> <span class='ocrx_word' id='word_1_104' title='bbox 784 974 866 999; x_wconf 92' lang='lat' dir='ltr'>non</span> <span class='ocrx_word' id='word_1_105' title='bbox 905 969 1067 1012; x_wconf 88' lang='lat' dir='ltr'>sumptu</span> <span class='ocrx_word' id='word_1_106' title='bbox 1107 961 1310 1009; x_wconf 83' lang='lat' dir='ltr'>exhauriri,</span> <span class='ocrx_word' id='word_1_107' title='bbox 1351 975 1433 1000; x_wconf 91' lang='lat' dir='ltr'>non</span> <span class='ocrx_word' id='word_1_108' title='bbox 1470 963 1644 1000; x_wconf 90' lang='lat' dir='ltr'>adventu</span> 
     </span>
     <span class='ocr_line' id='line_1_18' title="bbox 310 1025 1644 1077; baseline 0 -14"><span class='ocrx_word' id='word_1_109' title='bbox 310 1025 582 1064; x_wconf 90' lang='lat' dir='ltr'>commoveri?</span> <span class='ocrx_word' id='word_1_110' title='bbox 629 1039 714 1064; x_wconf 88' lang='lat' dir='ltr'>esse</span> <span class='ocrx_word' id='word_1_111' title='bbox 734 1039 989 1076; x_wconf 84' lang='lat' dir='ltr'>quocumque</span> <span class='ocrx_word' id='word_1_112' title='bbox 1005 1026 1156 1065; x_wconf 89' lang='lat' dir='ltr'>veneris</span> <span class='ocrx_word' id='word_1_113' title='bbox 1177 1034 1215 1065; x_wconf 87' lang='lat' dir='ltr'>et</span> <span class='ocrx_word' id='word_1_114' title='bbox 1236 1025 1395 1077; x_wconf 89' lang='lat' dir='ltr'>publice</span> <span class='ocrx_word' id='word_1_115' title='bbox 1411 1034 1448 1064; x_wconf 92' lang='lat' dir='ltr'>et</span> <span class='ocrx_word' id='word_1_116' title='bbox 1464 1025 1644 1076; x_wconf 88' lang='lat' dir='ltr'>privatim</span> 
     </span>
     <span class='ocr_line' id='line_1_19' title="bbox 312 1089 1641 1140; baseline 0.001 -13"><span class='ocrx_word' id='word_1_117' title='bbox 312 1089 522 1128; x_wconf 85' lang='lat' dir='ltr'>maximam</span> <span class='ocrx_word' id='word_1_118' title='bbox 561 1090 758 1138; x_wconf 84' lang='lat' dir='ltr'>laetitiam,</span> <span class='ocrx_word' id='word_1_119' title='bbox 796 1104 886 1129; x_wconf 89' lang='lat' dir='ltr'>cum</span> <span class='ocrx_word' id='word_1_120' title='bbox 926 1092 1018 1130; x_wconf 90' lang='lat' dir='ltr'>urbs</span> <span class='ocrx_word' id='word_1_121' title='bbox 1057 1092 1264 1130; x_wconf 84' lang='lat' dir='ltr'>custodem</span> <span class='ocrx_word' id='word_1_122' title='bbox 1302 1105 1384 1129; x_wconf 90' lang='lat' dir='ltr'>non</span> <span class='ocrx_word' id='word_1_123' title='bbox 1422 1098 1641 1140; x_wconf 90' lang='lat' dir='ltr'>tyrannum,</span> 
     </span>
     <span class='ocr_line' id='line_1_20' title="bbox 312 1155 1489 1205; baseline 0 -11"><span class='ocrx_word' id='word_1_124' title='bbox 312 1155 456 1194; x_wconf 87' lang='lat' dir='ltr'>domus</span> <span class='ocrx_word' id='word_1_125' title='bbox 476 1155 672 1205; x_wconf 90' lang='lat' dir='ltr'>hospitem</span> <span class='ocrx_word' id='word_1_126' title='bbox 694 1169 774 1194; x_wconf 90' lang='lat' dir='ltr'>non</span> <span class='ocrx_word' id='word_1_127' title='bbox 795 1155 1048 1205; x_wconf 87' lang='lat' dir='ltr'>expilatorem</span> <span class='ocrx_word' id='word_1_128' title='bbox 1069 1155 1262 1205; x_wconf 86' lang='lat' dir='ltr'>recepisse</span> <span class='ocrx_word' id='word_1_129' title='bbox 1282 1155 1489 1194; x_wconf 88' lang='lat' dir='ltr'>videatur?</span> 
     </span>
    </p>

    <p class='ocr_par' dir='ltr' id='par_1_7' title="bbox 308 1220 1643 1788">
     <span class='ocr_line' id='line_1_21' title="bbox 370 1220 1643 1270; baseline 0 -12"><span class='ocrx_word' id='word_1_130' title='bbox 370 1220 447 1258; x_wconf 91' lang='lat' dir='ltr'>His</span> <span class='ocrx_word' id='word_1_131' title='bbox 481 1228 614 1259; x_wconf 85' lang='lat' dir='ltr'>autem</span> <span class='ocrx_word' id='word_1_132' title='bbox 646 1220 686 1258; x_wconf 91' lang='lat' dir='ltr'>in</span> <span class='ocrx_word' id='word_1_133' title='bbox 717 1221 833 1259; x_wconf 91' lang='lat' dir='ltr'>rebus</span> <span class='ocrx_word' id='word_1_134' title='bbox 863 1220 940 1259; x_wconf 85' lang='lat' dir='ltr'>iam</span> <span class='ocrx_word' id='word_1_135' title='bbox 965 1228 1003 1259; x_wconf 86' lang='lat' dir='ltr'>te</span> <span class='ocrx_word' id='word_1_136' title='bbox 1032 1234 1125 1259; x_wconf 90' lang='lat' dir='ltr'>usus</span> <span class='ocrx_word' id='word_1_137' title='bbox 1154 1220 1238 1270; x_wconf 92' lang='lat' dir='ltr'>ipse</span> <span class='ocrx_word' id='word_1_138' title='bbox 1267 1222 1446 1270; x_wconf 89' lang='lat' dir='ltr'>profecto</span> <span class='ocrx_word' id='word_1_139' title='bbox 1474 1220 1643 1259; x_wconf 80' lang='lat' dir='ltr'>erudivit</span> 
     </span>
     <span class='ocr_line' id='line_1_22' title="bbox 314 1285 1641 1336; baseline 0 -13"><span class='ocrx_word' id='word_1_140' title='bbox 314 1298 566 1336; x_wconf 88' lang='lat' dir='ltr'>nequaquam</span> <span class='ocrx_word' id='word_1_141' title='bbox 587 1285 678 1324; x_wconf 87' lang='lat' dir='ltr'>satis</span> <span class='ocrx_word' id='word_1_142' title='bbox 700 1299 785 1324; x_wconf 90' lang='lat' dir='ltr'>esse</span> <span class='ocrx_word' id='word_1_143' title='bbox 804 1286 934 1336; x_wconf 92' lang='lat' dir='ltr'>ipsum</span> <span class='ocrx_word' id='word_1_144' title='bbox 954 1287 1024 1324; x_wconf 87' lang='lat' dir='ltr'>has</span> <span class='ocrx_word' id='word_1_145' title='bbox 1045 1293 1083 1324; x_wconf 90' lang='lat' dir='ltr'>te</span> <span class='ocrx_word' id='word_1_146' title='bbox 1104 1286 1250 1324; x_wconf 89' lang='lat' dir='ltr'>habere</span> <span class='ocrx_word' id='word_1_147' title='bbox 1269 1285 1441 1332; x_wconf 87' lang='lat' dir='ltr'>virtutes,</span> <span class='ocrx_word' id='word_1_148' title='bbox 1464 1286 1535 1323; x_wconf 91' lang='lat' dir='ltr'>sed</span> <span class='ocrx_word' id='word_1_149' title='bbox 1555 1299 1641 1324; x_wconf 86' lang='lat' dir='ltr'>esse</span> 
     </span>
     <span class='ocr_line' id='line_1_23' title="bbox 312 1349 1642 1401; baseline 0.001 -13"><span class='ocrx_word' id='word_1_150' title='bbox 312 1349 711 1401; x_wconf 86' lang='lat' dir='ltr'>circumspiciendum</span> <span class='ocrx_word' id='word_1_151' title='bbox 736 1350 942 1401; x_wconf 83' lang='lat' dir='ltr'>diligenter</span> <span class='ocrx_word' id='word_1_152' title='bbox 968 1357 1011 1388; x_wconf 85' lang='lat' dir='ltr'>ut</span> <span class='ocrx_word' id='word_1_153' title='bbox 1041 1350 1081 1388; x_wconf 92' lang='lat' dir='ltr'>in</span> <span class='ocrx_word' id='word_1_154' title='bbox 1109 1351 1183 1388; x_wconf 89' lang='lat' dir='ltr'>hac</span> <span class='ocrx_word' id='word_1_155' title='bbox 1210 1350 1390 1388; x_wconf 89' lang='lat' dir='ltr'>custodia</span> <span class='ocrx_word' id='word_1_156' title='bbox 1415 1350 1642 1399; x_wconf 84' lang='lat' dir='ltr'>provinciae</span> 
     </span>
     <span class='ocr_line' id='line_1_24' title="bbox 310 1414 1642 1464; baseline 0.002 -12"><span class='ocrx_word' id='word_1_157' title='bbox 310 1428 391 1453; x_wconf 90' lang='lat' dir='ltr'>non</span> <span class='ocrx_word' id='word_1_158' title='bbox 425 1423 463 1454; x_wconf 90' lang='lat' dir='ltr'>te</span> <span class='ocrx_word' id='word_1_159' title='bbox 502 1429 625 1454; x_wconf 90' lang='lat' dir='ltr'>unum</span> <span class='ocrx_word' id='word_1_160' title='bbox 664 1416 734 1453; x_wconf 89' lang='lat' dir='ltr'>sed</span> <span class='ocrx_word' id='word_1_161' title='bbox 773 1415 901 1453; x_wconf 88' lang='lat' dir='ltr'>omnis</span> <span class='ocrx_word' id='word_1_162' title='bbox 940 1414 1138 1453; x_wconf 84' lang='lat' dir='ltr'>ministros</span> <span class='ocrx_word' id='word_1_163' title='bbox 1177 1414 1315 1464; x_wconf 88' lang='lat' dir='ltr'>imperi</span> <span class='ocrx_word' id='word_1_164' title='bbox 1354 1414 1411 1453; x_wconf 92' lang='lat' dir='ltr'>tui</span> <span class='ocrx_word' id='word_1_165' title='bbox 1448 1415 1565 1453; x_wconf 88' lang='lat' dir='ltr'>sociis</span> <span class='ocrx_word' id='word_1_166' title='bbox 1602 1423 1642 1454; x_wconf 87' lang='lat' dir='ltr'>et</span> 
     </span>
     <span class='ocr_line' id='line_1_25' title="bbox 309 1479 1640 1530; baseline 0 -12"><span class='ocrx_word' id='word_1_167' title='bbox 309 1479 459 1518; x_wconf 90' lang='lat' dir='ltr'>civibus</span> <span class='ocrx_word' id='word_1_168' title='bbox 508 1488 546 1519; x_wconf 88' lang='lat' dir='ltr'>et</span> <span class='ocrx_word' id='word_1_169' title='bbox 593 1479 646 1518; x_wconf 91' lang='lat' dir='ltr'>rei</span> <span class='ocrx_word' id='word_1_170' title='bbox 689 1479 871 1530; x_wconf 89' lang='lat' dir='ltr'>publicae</span> <span class='ocrx_word' id='word_1_171' title='bbox 918 1486 1114 1530; x_wconf 89' lang='lat' dir='ltr'>praestare</span> <span class='ocrx_word' id='word_1_172' title='bbox 1156 1479 1324 1517; x_wconf 80' lang='lat' dir='ltr'>videare.</span> <span class='ocrx_word' id='word_1_173' title='bbox 1386 1480 1640 1529; x_wconf 85' lang='lat' dir='ltr'>Quamquam</span> 
     </span>
     <span class='ocr_line' id='line_1_26' title="bbox 308 1543 1641 1594; baseline 0.001 -12"><span class='ocrx_word' id='word_1_174' title='bbox 308 1545 455 1594; x_wconf 89' lang='lat' dir='ltr'>legatos</span> <span class='ocrx_word' id='word_1_175' title='bbox 489 1545 611 1583; x_wconf 90' lang='lat' dir='ltr'>habes</span> <span class='ocrx_word' id='word_1_176' title='bbox 646 1558 713 1582; x_wconf 88' lang='lat' dir='ltr'>eos</span> <span class='ocrx_word' id='word_1_177' title='bbox 749 1543 815 1593; x_wconf 87' lang='lat' dir='ltr'>qui</span> <span class='ocrx_word' id='word_1_178' title='bbox 849 1543 923 1593; x_wconf 92' lang='lat' dir='ltr'>ipsi</span> <span class='ocrx_word' id='word_1_179' title='bbox 956 1557 1026 1594; x_wconf 89' lang='lat' dir='ltr'>per</span> <span class='ocrx_word' id='word_1_180' title='bbox 1063 1557 1104 1582; x_wconf 91' lang='lat' dir='ltr'>se</span> <span class='ocrx_word' id='word_1_181' title='bbox 1136 1543 1307 1582; x_wconf 88' lang='lat' dir='ltr'>habituri</span> <span class='ocrx_word' id='word_1_182' title='bbox 1340 1543 1418 1582; x_wconf 88' lang='lat' dir='ltr'>sint</span> <span class='ocrx_word' id='word_1_183' title='bbox 1449 1544 1641 1583; x_wconf 86' lang='lat' dir='ltr'>rationem</span> 
     </span>
     <span class='ocr_line' id='line_1_27' title="bbox 308 1607 1641 1659; baseline 0.001 -12"><span class='ocrx_word' id='word_1_184' title='bbox 308 1608 507 1659; x_wconf 86' lang='lat' dir='ltr'>dignitatis</span> <span class='ocrx_word' id='word_1_185' title='bbox 543 1622 659 1655; x_wconf 83' lang='lat' dir='ltr'>suae;</span> <span class='ocrx_word' id='word_1_186' title='bbox 698 1609 748 1646; x_wconf 90' lang='lat' dir='ltr'>de</span> <span class='ocrx_word' id='word_1_187' title='bbox 781 1607 925 1657; x_wconf 87' lang='lat' dir='ltr'>quibus</span> <span class='ocrx_word' id='word_1_188' title='bbox 964 1609 1115 1646; x_wconf 88' lang='lat' dir='ltr'>honore</span> <span class='ocrx_word' id='word_1_189' title='bbox 1149 1615 1188 1646; x_wconf 92' lang='lat' dir='ltr'>et</span> <span class='ocrx_word' id='word_1_190' title='bbox 1219 1607 1409 1658; x_wconf 84' lang='lat' dir='ltr'>dignitate</span> <span class='ocrx_word' id='word_1_191' title='bbox 1442 1615 1481 1646; x_wconf 88' lang='lat' dir='ltr'>et</span> <span class='ocrx_word' id='word_1_192' title='bbox 1511 1616 1641 1648; x_wconf 88' lang='lat' dir='ltr'>aetate</span> 
     </span>
     <span class='ocr_line' id='line_1_28' title="bbox 308 1672 1640 1723; baseline 0.002 -13"><span class='ocrx_word' id='word_1_193' title='bbox 308 1681 476 1723; x_wconf 89' lang='lat' dir='ltr'>praestat</span> <span class='ocrx_word' id='word_1_194' title='bbox 506 1674 676 1719; x_wconf 87' lang='lat' dir='ltr'>Tubero,</span> <span class='ocrx_word' id='word_1_195' title='bbox 710 1686 829 1722; x_wconf 87' lang='lat' dir='ltr'>quem</span> <span class='ocrx_word' id='word_1_196' title='bbox 851 1686 923 1723; x_wconf 89' lang='lat' dir='ltr'>ego</span> <span class='ocrx_word' id='word_1_197' title='bbox 943 1672 1118 1720; x_wconf 87' lang='lat' dir='ltr'>arbitror,</span> <span class='ocrx_word' id='word_1_198' title='bbox 1136 1672 1363 1722; x_wconf 87' lang='lat' dir='ltr'>praesertim</span> <span class='ocrx_word' id='word_1_199' title='bbox 1384 1686 1475 1710; x_wconf 88' lang='lat' dir='ltr'>cum</span> <span class='ocrx_word' id='word_1_200' title='bbox 1495 1673 1640 1713; x_wconf 86' lang='lat' dir='ltr'>scribat</span> 
     </span>
     <span class='ocr_line' id='line_1_29' title="bbox 309 1737 1638 1788; baseline 0.002 -13"><span class='ocrx_word' id='word_1_201' title='bbox 309 1737 520 1785; x_wconf 87' lang='lat' dir='ltr'>historiam,</span> <span class='ocrx_word' id='word_1_202' title='bbox 562 1739 705 1775; x_wconf 86' lang='lat' dir='ltr'>multos</span> <span class='ocrx_word' id='word_1_203' title='bbox 745 1751 791 1775; x_wconf 87' lang='lat' dir='ltr'>ex</span> <span class='ocrx_word' id='word_1_204' title='bbox 825 1737 904 1776; x_wconf 89' lang='lat' dir='ltr'>suis</span> <span class='ocrx_word' id='word_1_205' title='bbox 937 1738 1145 1776; x_wconf 88' lang='lat' dir='ltr'>annalibus</span> <span class='ocrx_word' id='word_1_206' title='bbox 1183 1751 1300 1788; x_wconf 91' lang='lat' dir='ltr'>posse</span> <span class='ocrx_word' id='word_1_207' title='bbox 1337 1737 1507 1787; x_wconf 87' lang='lat' dir='ltr'>deligere</span> <span class='ocrx_word' id='word_1_208' title='bbox 1537 1752 1638 1788; x_wconf 85' lang='lat' dir='ltr'>quos</span> 
     </span>
    </p>
   </div>
   <div class='ocr_carea' id='block_1_7' title="bbox 307 1802 1695 1852">
    <p class='ocr_par' dir='ltr' id='par_1_8' title="bbox 307 1802 1695 1852">
     <span class='ocr_line' id='line_1_30' title="bbox 307 1802 1695 1852; baseline 0.001 -12"><span class='ocrx_word' id='word_1_209' title='bbox 307 1802 399 1841; x_wconf 87' lang='lat' dir='ltr'>velit</span> <span class='ocrx_word' id='word_1_210' title='bbox 420 1810 457 1841; x_wconf 93' lang='lat' dir='ltr'>et</span> <span class='ocrx_word' id='word_1_211' title='bbox 478 1802 600 1852; x_wconf 91' lang='lat' dir='ltr'>possit</span> <span class='ocrx_word' id='word_1_212' title='bbox 621 1802 772 1850; x_wconf 88' lang='lat' dir='ltr'>imitari,</span> <span class='ocrx_word' id='word_1_213' title='bbox 795 1802 975 1841; x_wconf 90' lang='lat' dir='ltr'>Allienus</span> <span class='ocrx_word' id='word_1_214' title='bbox 1002 1810 1135 1841; x_wconf 91' lang='lat' dir='ltr'>autem</span> <span class='ocrx_word' id='word_1_215' title='bbox 1159 1810 1292 1840; x_wconf 90' lang='lat' dir='ltr'>noster</span> <span class='ocrx_word' id='word_1_216' title='bbox 1312 1809 1370 1840; x_wconf 90' lang='lat' dir='ltr'>est</span> <span class='ocrx_word' id='word_1_217' title='bbox 1391 1815 1481 1840; x_wconf 91' lang='lat' dir='ltr'>cum</span> <span class='ocrx_word' id='word_1_218' title='bbox 1501 1803 1636 1842; x_wconf 90' lang='lat' dir='ltr'>animo</span> <span class='ocrx_word' id='word_1_219' title='bbox 1679 1815 1695 1846; x_wconf 79' lang='lat'>5</span> 
     </span>
    </p>
   </div>
   <div class='ocr_carea' id='block_1_8' title="bbox 306 1866 1635 2111">
    <p class='ocr_par' dir='ltr' id='par_1_9' title="bbox 306 1866 1635 2111">
     <span class='ocr_line' id='line_1_31' title="bbox 307 1866 1635 1906; baseline 0.001 -1"><span class='ocrx_word' id='word_1_220' title='bbox 307 1875 345 1906; x_wconf 90' lang='lat' dir='ltr'>et</span> <span class='ocrx_word' id='word_1_221' title='bbox 375 1866 650 1905; x_wconf 89' lang='lat' dir='ltr'>benevolentia</span> <span class='ocrx_word' id='word_1_222' title='bbox 679 1874 763 1905; x_wconf 90' lang='lat' dir='ltr'>tum</span> <span class='ocrx_word' id='word_1_223' title='bbox 793 1881 885 1905; x_wconf 88' lang='lat' dir='ltr'>vero</span> <span class='ocrx_word' id='word_1_224' title='bbox 916 1867 1034 1905; x_wconf 90' lang='lat' dir='ltr'>etiarn</span> <span class='ocrx_word' id='word_1_225' title='bbox 1064 1866 1282 1905; x_wconf 91' lang='lat' dir='ltr'>imitatione</span> <span class='ocrx_word' id='word_1_226' title='bbox 1302 1866 1471 1905; x_wconf 88' lang='lat' dir='ltr'>vivendi.</span> <span class='ocrx_word' id='word_1_227' title='bbox 1531 1869 1635 1906; x_wconf 90' lang='lat' dir='ltr'>Nam</span> 
     </span>
     <span class='ocr_line' id='line_1_32' title="bbox 307 1931 1635 1982; baseline 0.001 -12"><span class='ocrx_word' id='word_1_228' title='bbox 307 1932 402 1982; x_wconf 85' lang='lat' dir='ltr'>quid</span> <span class='ocrx_word' id='word_1_229' title='bbox 427 1945 499 1981; x_wconf 85' lang='lat' dir='ltr'>ego</span> <span class='ocrx_word' id='word_1_230' title='bbox 520 1933 570 1970; x_wconf 83' lang='lat' dir='ltr'>de</span> <span class='ocrx_word' id='word_1_231' title='bbox 592 1931 771 1970; x_wconf 90' lang='lat' dir='ltr'>Gratidio</span> <span class='ocrx_word' id='word_1_232' title='bbox 796 1932 957 1971; x_wconf 86' lang='lat' dir='ltr'>dicam?</span> <span class='ocrx_word' id='word_1_233' title='bbox 985 1946 1104 1982; x_wconf 81' lang='lat' dir='ltr'>quem</span> <span class='ocrx_word' id='word_1_234' title='bbox 1134 1940 1241 1971; x_wconf 91' lang='lat' dir='ltr'>certo</span> <span class='ocrx_word' id='word_1_235' title='bbox 1270 1932 1352 1970; x_wconf 89' lang='lat' dir='ltr'>scio</span> <span class='ocrx_word' id='word_1_236' title='bbox 1381 1931 1434 1970; x_wconf 92' lang='lat' dir='ltr'>ita</span> <span class='ocrx_word' id='word_1_237' title='bbox 1460 1932 1635 1971; x_wconf 87' lang='lat' dir='ltr'>laborare</span> 
     </span>
     <span class='ocr_line' id='line_1_33' title="bbox 306 1996 1634 2047; baseline 0.001 -13"><span class='ocrx_word' id='word_1_238' title='bbox 306 1998 357 2035; x_wconf 89' lang='lat' dir='ltr'>de</span> <span class='ocrx_word' id='word_1_239' title='bbox 386 1996 672 2035; x_wconf 86' lang='lat' dir='ltr'>existimatione</span> <span class='ocrx_word' id='word_1_240' title='bbox 702 2010 772 2035; x_wconf 91' lang='lat' dir='ltr'>sua</span> <span class='ocrx_word' id='word_1_241' title='bbox 796 2005 838 2035; x_wconf 90' lang='lat' dir='ltr'>ut</span> <span class='ocrx_word' id='word_1_242' title='bbox 866 2005 1024 2047; x_wconf 90' lang='lat' dir='ltr'>propter</span> <span class='ocrx_word' id='word_1_243' title='bbox 1049 2011 1225 2035; x_wconf 89' lang='lat' dir='ltr'>amorem</span> <span class='ocrx_word' id='word_1_244' title='bbox 1253 1997 1293 2035; x_wconf 91' lang='lat' dir='ltr'>in</span> <span class='ocrx_word' id='word_1_245' title='bbox 1322 2010 1393 2035; x_wconf 92' lang='lat' dir='ltr'>nos</span> <span class='ocrx_word' id='word_1_246' title='bbox 1423 1999 1634 2036; x_wconf 89' lang='lat' dir='ltr'>fraternum</span> 
     </span>
     <span class='ocr_line' id='line_1_34' title="bbox 306 2061 1634 2111; baseline 0.002 -12"><span class='ocrx_word' id='word_1_247' title='bbox 306 2061 423 2099; x_wconf 91' lang='lat' dir='ltr'>etiam</span> <span class='ocrx_word' id='word_1_248' title='bbox 444 2063 495 2100; x_wconf 93' lang='lat' dir='ltr'>de</span> <span class='ocrx_word' id='word_1_249' title='bbox 516 2069 647 2099; x_wconf 91' lang='lat' dir='ltr'>nostra</span> <span class='ocrx_word' id='word_1_250' title='bbox 668 2063 828 2100; x_wconf 90' lang='lat' dir='ltr'>laboret.</span> <span class='ocrx_word' id='word_1_251' title='bbox 880 2064 1142 2111; x_wconf 84' lang='lat' dir='ltr'>Quaestorem</span> <span class='ocrx_word' id='word_1_252' title='bbox 1158 2063 1280 2101; x_wconf 89' lang='lat' dir='ltr'>habes</span> <span class='ocrx_word' id='word_1_253' title='bbox 1297 2076 1378 2100; x_wconf 92' lang='lat' dir='ltr'>non</span> <span class='ocrx_word' id='word_1_254' title='bbox 1399 2069 1467 2100; x_wconf 93' lang='lat' dir='ltr'>tuo</span> <span class='ocrx_word' id='word_1_255' title='bbox 1488 2062 1634 2101; x_wconf 90' lang='lat' dir='ltr'>iudicio</span> 
     </span>
    </p>
   </div>
   <div class='ocr_carea' id='block_1_9' title="bbox 1668 520 1684 551">
    <p class='ocr_par' dir='ltr' id='par_1_10' title="bbox 1668 520 1684 551">
     <span class='ocr_line' id='line_1_35' title="bbox 1668 520 1684 551; baseline 0 0"><span class='ocrx_word' id='word_1_256' title='bbox 1668 520 1684 551; x_wconf 90' lang='lat'>5</span> 
     </span>
    </p>
   </div>
   <div class='ocr_carea' id='block_1_10' title="bbox 1668 849 1706 871">
    <p class='ocr_par' dir='ltr' id='par_1_11' title="bbox 1668 849 1706 871">
     <span class='ocr_line' id='line_1_36' title="bbox 1668 849 1706 871; baseline 0.026 -1"><span class='ocrx_word' id='word_1_257' title='bbox 1668 849 1706 871; x_wconf 92' lang='lat'>10</span> 
     </span>
    </p>
   </div>
   <div class='ocr_carea' id='block_1_11' title="bbox 1662 1497 1701 1519">
    <p class='ocr_par' dir='ltr' id='par_1_12' title="bbox 1662 1497 1701 1519">
     <span class='ocr_line' id='line_1_37' title="bbox 1662 1497 1701 1519; baseline -0.026 0"><span class='ocrx_word' id='word_1_258' title='bbox 1662 1497 1701 1519; x_wconf 90' lang='lat'>20</span> 
     </span>
    </p>
   </div>
   <div class='ocr_carea' id='block_1_12' title="bbox 306 2127 1694 2177">
    <p class='ocr_par' dir='ltr' id='par_1_13' title="bbox 306 2127 1694 2177">
     <span class='ocr_line' id='line_1_38' title="bbox 306 2127 1694 2177; baseline -0.002 -13"><span class='ocrx_word' id='word_1_259' title='bbox 306 2127 503 2164; x_wconf 89' lang='lat' dir='ltr'>delectum</span> <span class='ocrx_word' id='word_1_260' title='bbox 525 2128 594 2165; x_wconf 89' lang='lat' dir='ltr'>sed</span> <span class='ocrx_word' id='word_1_261' title='bbox 622 2140 713 2164; x_wconf 90' lang='lat' dir='ltr'>eum</span> <span class='ocrx_word' id='word_1_262' title='bbox 738 2140 857 2177; x_wconf 86' lang='lat' dir='ltr'>quern</span> <span class='ocrx_word' id='word_1_263' title='bbox 882 2140 964 2165; x_wconf 90' lang='lat' dir='ltr'>sors</span> <span class='ocrx_word' id='word_1_264' title='bbox 988 2127 1108 2165; x_wconf 88' lang='lat' dir='ltr'>dedit.</span> <span class='ocrx_word' id='word_1_265' title='bbox 1169 2128 1293 2164; x_wconf 91' lang='lat' dir='ltr'>Hunc</span> <span class='ocrx_word' id='word_1_266' title='bbox 1319 2133 1472 2176; x_wconf 89' lang='lat' dir='ltr'>oportet</span> <span class='ocrx_word' id='word_1_267' title='bbox 1497 2134 1535 2164; x_wconf 91' lang='lat' dir='ltr'>et</span> <span class='ocrx_word' id='word_1_268' title='bbox 1563 2140 1632 2165; x_wconf 87' lang='lat' dir='ltr'>sua</span> <span class='ocrx_word' id='word_1_269' title='bbox 1652 2139 1694 2169; x_wconf 79' lang='lat'>30</span> 
     </span>
    </p>
   </div>
   <div class='ocr_carea' id='block_1_13' title="bbox 305 2190 1631 2306">
    <p class='ocr_par' dir='ltr' id='par_1_14' title="bbox 305 2190 1631 2306">
     <span class='ocr_line' id='line_1_39' title="bbox 306 2190 1631 2240; baseline 0.002 -13"><span class='ocrx_word' id='word_1_270' title='bbox 306 2198 446 2240; x_wconf 87' lang='lat' dir='ltr'>sponte</span> <span class='ocrx_word' id='word_1_271' title='bbox 484 2204 569 2230; x_wconf 89' lang='lat' dir='ltr'>esse</span> <span class='ocrx_word' id='word_1_272' title='bbox 608 2193 856 2229; x_wconf 90' lang='lat' dir='ltr'>moderatum</span> <span class='ocrx_word' id='word_1_273' title='bbox 895 2198 933 2229; x_wconf 90' lang='lat' dir='ltr'>et</span> <span class='ocrx_word' id='word_1_274' title='bbox 971 2191 1046 2229; x_wconf 87' lang='lat' dir='ltr'>tuis</span> <span class='ocrx_word' id='word_1_275' title='bbox 1090 2190 1274 2229; x_wconf 87' lang='lat' dir='ltr'>institutis</span> <span class='ocrx_word' id='word_1_276' title='bbox 1321 2204 1368 2228; x_wconf 87' lang='lat' dir='ltr'>ac</span> <span class='ocrx_word' id='word_1_277' title='bbox 1415 2190 1631 2240; x_wconf 89' lang='lat' dir='ltr'>praeceptis</span> 
     </span>
     <span class='ocr_line' id='line_1_40' title="bbox 305 2254 1630 2306; baseline 0.001 -13"><span class='ocrx_word' id='word_1_278' title='bbox 305 2256 585 2306; x_wconf 87' lang='lat' dir='ltr'>obtemperare.</span> <span class='ocrx_word' id='word_1_279' title='bbox 646 2255 888 2305; x_wconf 85' lang='lat' dir='ltr'>Quorum&#39;si</span> <span class='ocrx_word' id='word_1_280' title='bbox 918 2255 1004 2306; x_wconf 86' lang='lat' dir='ltr'>quis</span> <span class='ocrx_word' id='word_1_281' title='bbox 1034 2257 1132 2294; x_wconf 86' lang='lat' dir='ltr'>forte</span> <span class='ocrx_word' id='word_1_282' title='bbox 1158 2262 1260 2294; x_wconf 90' lang='lat' dir='ltr'>esset</span> <span class='ocrx_word' id='word_1_283' title='bbox 1286 2254 1490 2302; x_wconf 84' lang='lat' dir='ltr'>sordidior,</span> <span class='ocrx_word' id='word_1_284' title='bbox 1513 2256 1630 2294; x_wconf 86' lang='lat' dir='ltr'>ferres</span> 
     </span>
    </p>
   </div>
   <div class='ocr_carea' id='block_1_14' title="bbox 303 2353 1625 2481">
    <p class='ocr_par' dir='ltr' id='par_1_15' title="bbox 303 2353 1625 2481">
     <span class='ocr_line' id='line_1_41' title="bbox 349 2353 1625 2393; baseline 0.002 -10"><span class='ocrx_word' id='word_1_285' title='bbox 349 2363 361 2383; x_wconf 88' lang='lat'>1</span> <span class='ocrx_word' id='word_1_286' title='bbox 388 2359 421 2384; x_wconf 90' lang='lat' dir='ltr'>te</span> <span class='ocrx_word' id='word_1_287' title='bbox 439 2359 472 2384; x_wconf 86' lang='lat' dir='ltr'>et</span> <span class='ocrx_word' id='word_1_288' title='bbox 489 2355 608 2385; x_wconf 82' lang='lat' dir='ltr'>Kalmt</span> <span class='ocrx_word' id='word_1_289' title='bbox 720 2365 758 2384; x_wconf 87' lang='lat'>12</span> <span class='ocrx_word' id='word_1_290' title='bbox 784 2354 910 2393; x_wconf 88' lang='lat' dir='ltr'>proteri</span> <span class='ocrx_word' id='word_1_291' title='bbox 932 2353 1070 2384; x_wconf 79' lang='lat' dir='ltr'>Vrsinus</span> <span class='ocrx_word' id='word_1_292' title='bbox 1179 2363 1221 2383; x_wconf 88' lang='lat'>22</span> <span class='ocrx_word' id='word_1_293' title='bbox 1245 2363 1327 2384; x_wconf 85' lang='lat' dir='ltr'>suae</span> <span class='ocrx_word' id='word_1_294' title='bbox 1345 2353 1438 2384; x_wconf 85' lang='lat' dir='ltr'>MR:</span> <span class='ocrx_word' id='word_1_295' title='bbox 1464 2358 1543 2385; x_wconf 89' lang='lat' dir='ltr'>tuae</span> <span class='ocrx_word' id='word_1_296' title='bbox 1559 2354 1625 2386; x_wconf 83' lang='lat' dir='ltr'><em>cod.</em></span> 
     </span>
     <span class='ocr_line' id='line_1_42' title="bbox 305 2396 1624 2437; baseline 0.003 -11"><span class='ocrx_word' id='word_1_297' title='bbox 305 2397 497 2427; x_wconf 75' lang='lat' dir='ltr'>Oxom&#39;ensis</span> <span class='ocrx_word' id='word_1_298' title='bbox 653 2408 693 2437; x_wconf 88' lang='lat'>27</span> <span class='ocrx_word' id='word_1_299' title='bbox 718 2403 811 2428; x_wconf 85' lang='lat' dir='ltr'>certo</span> <span class='ocrx_word' id='word_1_300' title='bbox 831 2397 1033 2427; x_wconf 72' lang='lat' dir='ltr'>Cratander:</span> <span class='ocrx_word' id='word_1_301' title='bbox 1059 2401 1149 2427; x_wconf 84' lang='lat' dir='ltr'>certe</span> <span class='ocrx_word' id='word_1_302' title='bbox 1168 2396 1209 2427; x_wconf 87' lang='lat' dir='ltr'><em>M</em></span> <span class='ocrx_word' id='word_1_303' title='bbox 1333 2398 1374 2427; x_wconf 87' lang='lat'>28</span> <span class='ocrx_word' id='word_1_304' title='bbox 1399 2402 1539 2436; x_wconf 81' lang='lat' dir='ltr'>propter</span> <span class='ocrx_word' id='word_1_305' title='bbox 1555 2421 1562 2429; x_wconf 90' lang='lat'><strong><em>.</em></strong></span> <span class='ocrx_word' id='word_1_306' title='bbox 1585 2421 1592 2429; x_wconf 94' lang='lat'><strong>.</strong></span> <span class='ocrx_word' id='word_1_307' title='bbox 1615 2421 1624 2430; x_wconf 87' lang='lat'><strong>.</strong></span> 
     </span>
     <span class='ocr_line' id='line_1_43' title="bbox 303 2439 1139 2481; baseline -0.001 -11"><span class='ocrx_word' id='word_1_308' title='bbox 303 2441 345 2470; x_wconf 80' lang='lat' dir='ltr'>de</span> <span class='ocrx_word' id='word_1_309' title='bbox 363 2445 477 2471; x_wconf 83' lang='lat' dir='ltr'>nostra</span> <span class='ocrx_word' id='word_1_310' title='bbox 495 2441 540 2471; x_wconf 90' lang='lat' dir='ltr'>C:</span> <span class='ocrx_word' id='word_1_311' title='bbox 565 2446 746 2481; x_wconf 83' lang='lat' dir='ltr'>propterea</span> <span class='ocrx_word' id='word_1_312' title='bbox 762 2464 770 2473; x_wconf 88' lang='lat'><strong>.</strong></span> <span class='ocrx_word' id='word_1_313' title='bbox 791 2464 798 2472; x_wconf 87' lang='lat'><em>.</em></span> <span class='ocrx_word' id='word_1_314' title='bbox 818 2464 825 2472; x_wconf 89' lang='lat'><strong>.</strong></span> <span class='ocrx_word' id='word_1_315' title='bbox 848 2441 1080 2471; x_wconf 86' lang='lat' dir='ltr'>demonstrare</span> <span class='ocrx_word' id='word_1_316' title='bbox 1098 2439 1139 2469; x_wconf 94' lang='lat' dir='ltr'><em>M</em></span> 
     </span>
    </p>
   </div>
  </div>
 </body>
</html>
