1871 2782
246 153 300 189 ΙΙ.

198 859 221 896 5
245 852 298 895 (2)

201 1504 228 1542 6
251 1505 306 1550 (3)

295 1983 308 2004 1

319 152 364 188 iv
683 152 738 188 M.
770 151 939 187 TVLLI
970 149 1277 189 CICERONIS

314 260 370 299 uti
398 269 435 299 te
462 274 578 310 posse
605 260 761 299 videam
790 269 944 312 praeter
971 260 1054 299 illas
1081 274 1179 311 quas
1209 268 1368 298 senatus
1399 259 1580 307 decrevit,
1605 268 1646 297 ut

314 325 501 376 pecunias
533 339 556 363 a
587 325 808 364 civitatibus
841 333 996 364 mutuas
1030 339 1215 364 sumeres.
1277 328 1339 363 Dc
1371 326 1647 375 supplemento

315 398 447 428 autem
469 404 550 428 non
571 390 686 429 video
711 390 806 440 quid
831 390 912 429 fieri
938 390 1073 440 possit.
1133 392 1308 428 Tantum
1336 389 1442 427 enim
1468 389 1579 427 abest
1606 396 1648 427 ut

318 457 445 493 Pansa
475 456 525 493 de
555 455 725 493 exercitu
757 469 829 494 suo
858 463 925 493 aut
957 456 1103 493 dilectu
1136 455 1206 493 tibi
1240 454 1389 504 aliquid
1423 454 1577 502 tribuat,
1607 460 1649 491 ut

317 520 435 558 etiam
462 522 625 558 moleste
655 521 750 558 ferat
779 528 859 558 tam
889 522 1034 558 multos
1065 521 1115 558 ad
1146 527 1183 558 te
1213 519 1266 557 ire
1296 518 1549 566 voluntarios,
1570 532 1649 568 quo

319 586 440 623 modo
462 585 647 634 equidem
674 586 804 632 cred0‚
827 586 936 634 quod
966 584 1011 622 iis
1041 585 1157 622 rebus
1182 598 1283 634 quae
1310 583 1350 621 in
1378 583 1491 621 Italia
1521 584 1651 621 decer-

319 657 465 687 nuntur
503 652 629 688 nullas
668 650 802 700 copias
841 650 957 688 nimis
997 663 1157 699 magnas
1198 663 1282 687 esse
1321 648 1536 694 arbitretur,
1571 662 1650 698 quo

321 716 442 753 modo
471 723 603 753 autem
633 714 746 752 multi
777 714 1035 764 suspicantur,
1064 715 1168 763 quod
1194 727 1243 752 ne
1275 722 1313 752 te
1343 713 1504 764 quidem
1534 712 1650 750 nimis

321 781 477 818 firmum
508 793 592 817 esse
621 780 740 828 velit3
780 781 889 830 quod
919 794 992 829 ego
1021 794 1102 818 non
1133 779 1319 830 suspicor.

375 845 497 894 Quod
518 844 653 882 scribis
674 852 711 882 te
732 846 783 882 ad
803 844 976 883 Tertiam
1006 859 1179 884 sororem
1206 851 1242 883 et
1265 852 1425 883 matrem
1453 844 1651 895 scripsisse

320 916 363 947 ut
393 924 442 948 ne
471 909 577 959 prius
609 911 770 947 ederent
802 923 847 947 ea
877 923 977 959 quae
1008 918 1117 960 gesta
1145 924 1167 948 a
1198 910 1336 949 Cassio
1371 917 1500 948 essent
1533 923 1651 960 quarn

321 974 417 1012 mihi
437 974 564 1012 visum
591 982 703 1022 esset,
725 975 842 1013 video
867 983 904 1013 te
929 975 1092 1013 veritum
1122 989 1217 1022 esse,
1240 975 1281 1013 id
1308 977 1416 1025 quod
1436 975 1652 1013 verendum

321 1040 403 1087 fuit,
437 1054 488 1078 ne
525 1039 646 1078 animi
684 1039 853 1090 partium
888 1040 1077 1088 Caesaris,
1112 1054 1191 1090 quo
1231 1041 1352 1078 modo
1391 1040 1508 1078 etiam
1548 1053 1653 1077 nunc

321 1113 450 1156 partes
479 1107 735 1155 appellantur,
760 1106 1014 1143 vehementer
1044 1112 1395 1144 commoverentur.
1456 1106 1534 1143 Sed
1563 1112 1653 1143 ante

322 1184 443 1221 quam
463 1178 549 1208 tuas
570 1170 715 1208 litteras
741 1170 978 1220 accepimus,
1001 1170 1136 1208 audita
1160 1184 1219 1208 res
1244 1178 1324 1208 erat
1345 1178 1382 1209 et
1403 1172 1628 1221 pervulgata
1644 1184 1655 1218 3

322 1235 379 1274 tui
400 1235 518 1273 etiam
542 1234 730 1273 tabellarii
757 1236 808 1273 ad
835 1236 980 1273 multos
1008 1234 1205 1272 familiaris
1234 1243 1321 1273 tuos
1349 1235 1494 1273 litteras
1520 1236 1656 1273 attule-

323 1308 418 1339 rant.
481 1301 572 1349 Qua
590 1313 630 1338 re
650 1314 780 1350 neque
801 1299 1084 1350 supprimenda
1109 1314 1168 1338 res
1196 1307 1286 1347 erat,
1310 1300 1537 1350 praesertim
1564 1314 1655 1338 cum

324 1366 364 1404 id
386 1365 468 1404 fieri
488 1379 569 1403 non
590 1373 736 1415 posset,
749 1379 890 1415 neque,
907 1364 937 1402 si
958 1372 1102 1415 posset,
1121 1379 1202 1403 non
1223 1365 1504 1415 divulgandam
1525 1364 1655 1415 potius

324 1444 444 1481 quam
465 1431 742 1468 occultandam
762 1438 1000 1480 putaremus.

382 1498 443 1534 De
465 1495 657 1535 Cicerone
678 1509 768 1533 meo
789 1502 837 1542 et,
861 1495 892 1533 si
913 1503 1066 1533 tantum
1087 1503 1145 1534 est
1165 1495 1205 1533 in
1226 1509 1273 1534 eo
1295 1502 1487 1545 quantum
1508 1494 1657 1543 scribis,

326 1569 478 1600 tanturn
512 1560 659 1598 scilicet
691 1568 883 1610 quantum
918 1561 1047 1599 debeo
1081 1562 1235 1611 gaudeo
1267 1569 1315 1608 et,
1348 1560 1380 1599 si
1410 1561 1519 1610 quod
1548 1573 1656 1598 amas

326 1640 416 1665 eum
451 1639 498 1664 eo
534 1625 681 1664 maiora
710 1625 815 1673 facis,
845 1624 885 1664 id
920 1625 1050 1676 ipsum
1078 1625 1358 1665 incredibiliter
1386 1627 1541 1676 gaudeo
1570 1639 1593 1663 a
1619 1632 1657 1663 te

326 1705 417 1729 eum
442 1690 559 1741 diligi.

370 1811 411 1845 V
431 1815 530 1856 [VII]
657 1814 725 1846 Scr.
746 1815 875 1846 Romae
890 1815 971 1846 xviii
983 1814 1026 1847 K.
1048 1814 1128 1846 Mai.
1148 1825 1177 1846 a.
1200 1824 1254 1854 711
1274 1814 1352 1856 (45).

753 1886 927 1917 CICERO
954 1885 1113 1916 BRVTO
1139 1884 1236 1917 SAL.

385 1967 499 2014 Quae
518 1964 668 2003 litterae
689 1972 757 2002 tuo
777 1962 939 2002 nomine
955 1962 1137 2001 recitatae
1158 1962 1234 2001 sint
1251 1964 1310 2001 Id.
1327 1962 1446 2013 April.
1464 1962 1503 2001 in
1525 1970 1661 2001 senatu

331 2033 553 2080 eodemque
592 2037 770 2079 tempore
804 2028 955 2067 Antoni
989 2029 1108 2067 credo
1146 2029 1197 2066 ad
1236 2035 1273 2066 te
1312 2027 1511 2078 scripsisse
1549 2035 1662 2075 tuos;

332 2110 499 2147 quorum
520 2109 593 2146 ego
613 2094 763 2134 nemini
784 2096 974 2134 concedo.
1025 2096 1103 2133 Sed
1124 2094 1220 2132 nihil
1240 2107 1402 2132 necesse
1422 2101 1503 2132 erat
1523 2095 1661 2132 eadem

332 2162 471 2209 omnis,
494 2162 590 2200 illud
620 2175 782 2200 necesse
811 2176 875 2200 me
903 2163 954 2200 ad
981 2169 1019 2200 te
1049 2161 1216 2199 scribere
1241 2160 1336 2210 quid
1367 2159 1550 2198 sentirem
1581 2166 1663 2197 tota

1673 858 1712 880 10

1679 1508 1718 1529 20

1681 1886 1719 1918 ²5

333 2229 383 2266 de
414 2228 696 2267 constitutione
729 2228 845 2267 huius
875 2228 967 2267 belli
997 2236 1035 2266 et
1064 2241 1144 2278 quo
1173 2226 1319 2265 iudicio
1348 2239 1475 2264 essem
1505 2237 1662 2274 quaque
1682 2239 1724 2270 30

334 2293 536 2331 sententia.
606 2295 801 2332 Voluntas
841 2308 941 2342 mea,
977 2295 1106 2339 Brute,
1147 2293 1197 2330 de
1235 2305 1389 2329 summa
1427 2304 1467 2329 re
1505 2288 1664 2340 publica

378 2397 397 2425 8
414 2397 501 2435 quod
520 2396 596 2428 add.
617 2397 747 2427 Ernesti
836 2407 875 2428 10
899 2401 931 2428 et
949 2401 1087 2426 matrem
1104 2394 1179 2426 add.
1203 2393 1397 2434 Fl'esenbmg,
1413 2394 1449 2433 cs.
1468 2403 1497 2432 3.
1515 2404 1534 2432 3
1628 2402 1666 2431 13

336 2450 400 2479 quo
418 2441 532 2480 modo]
552 2441 708 2480 quoniam
729 2440 831 2471 Orelli
959 2449 996 2470 21
1024 2440 1123 2469 debet
1140 2438 1269 2468 Ernesti
