<?xml version="1.0" encoding="UTF-8"?>
<!DOCTYPE html PUBLIC "-//W3C//DTD XHTML 1.0 Transitional//EN"
    "http://www.w3.org/TR/xhtml1/DTD/xhtml1-transitional.dtd">
<html xmlns="http://www.w3.org/1999/xhtml" xml:lang="en" lang="en">
 <head>
  <title>
</title>
<meta http-equiv="Content-Type" content="text/html;charset=utf-8" />
  <meta name='ocr-system' content='tesseract 3.04.00' />
  <meta name='ocr-capabilities' content='ocr_page ocr_carea ocr_par ocr_line ocrx_word'/>
</head>
<body>
  <div class='ocr_page' id='page_1' title='image "./epistulaerecogno03ciceuoft_0120.png"; bbox 0 0 1871 2782; ppageno 0'>
   <div class='ocr_carea' id='block_1_1' title="bbox 277 166 1289 206">
    <p class='ocr_par' dir='ltr' id='par_1_1' title="bbox 277 166 1289 206">
     <span class='ocr_line' id='line_1_1' title="bbox 277 166 1289 206; baseline -0.001 0"><span class='ocrx_word' id='word_1_1' title='bbox 277 169 308 206; x_wconf 90' lang='grc' dir='ltr'>Ι.</span> <span class='ocrx_word' id='word_1_2' title='bbox 326 168 371 205; x_wconf 87' lang='lat' dir='ltr'>iii</span> <span class='ocrx_word' id='word_1_3' title='bbox 691 168 747 204; x_wconf 91' lang='lat' dir='ltr'>M.</span> <span class='ocrx_word' id='word_1_4' title='bbox 780 167 948 204; x_wconf 93' lang='lat' dir='ltr'>TVLLI</span> <span class='ocrx_word' id='word_1_5' title='bbox 981 166 1289 205; x_wconf 89' lang='lat' dir='ltr'>CICERONIS</span> 
     </span>
    </p>
   </div>
   <div class='ocr_carea' id='block_1_2' title="bbox 286 278 1867 1730">
    <p class='ocr_par' dir='ltr' id='par_1_2' title="bbox 286 278 1871 1730">
     <span class='ocr_line' id='line_1_2' title="bbox 327 278 1658 319; baseline 0.001 -2"><span class='ocrx_word' id='word_1_6' title='bbox 327 278 477 317; x_wconf 86' lang='lat' dir='ltr'>virtutis</span> <span class='ocrx_word' id='word_1_7' title='bbox 505 286 571 317; x_wconf 88' lang='lat' dir='ltr'>est.</span> <span class='ocrx_word' id='word_1_8' title='bbox 634 278 794 316; x_wconf 86' lang='lat' dir='ltr'>Vtinam</span> <span class='ocrx_word' id='word_1_9' title='bbox 811 286 891 317; x_wconf 85' lang='lat' dir='ltr'>tam</span> <span class='ocrx_word' id='word_1_10' title='bbox 912 278 1025 318; x_wconf 85' lang='lat' dir='ltr'>facile</span> <span class='ocrx_word' id='word_1_11' title='bbox 1045 292 1136 317; x_wconf 88' lang='lat' dir='ltr'>eum</span> <span class='ocrx_word' id='word_1_12' title='bbox 1158 280 1363 318; x_wconf 88' lang='lat' dir='ltr'>florentem</span> <span class='ocrx_word' id='word_1_13' title='bbox 1384 286 1422 318; x_wconf 89' lang='lat' dir='ltr'>et</span> <span class='ocrx_word' id='word_1_14' title='bbox 1442 279 1658 319; x_wconf 82' lang='lat' dir='ltr'>honoribus</span> 
     </span>
     <span class='ocr_line' id='line_1_3' title="bbox 327 343 1659 394; baseline 0 -12"><span class='ocrx_word' id='word_1_15' title='bbox 327 351 365 382; x_wconf 91' lang='lat' dir='ltr'>et</span> <span class='ocrx_word' id='word_1_16' title='bbox 402 343 523 393; x_wconf 81' lang='lat' dir='ltr'>gratia</span> <span class='ocrx_word' id='word_1_17' title='bbox 562 356 692 393; x_wconf 85' lang='lat' dir='ltr'>regere</span> <span class='ocrx_word' id='word_1_18' title='bbox 730 357 776 382; x_wconf 91' lang='lat' dir='ltr'>ac</span> <span class='ocrx_word' id='word_1_19' title='bbox 815 350 946 382; x_wconf 85' lang='lat' dir='ltr'>tenere</span> <span class='ocrx_word' id='word_1_20' title='bbox 985 343 1181 394; x_wconf 90' lang='lat' dir='ltr'>possimus</span> <span class='ocrx_word' id='word_1_21' title='bbox 1220 357 1339 394; x_wconf 86' lang='lat' dir='ltr'>quam</span> <span class='ocrx_word' id='word_1_22' title='bbox 1378 344 1491 383; x_wconf 85' lang='lat' dir='ltr'>facile</span> <span class='ocrx_word' id='word_1_23' title='bbox 1528 345 1659 383; x_wconf 87' lang='lat' dir='ltr'>adhuc</span> 
     </span>
     <span class='ocr_line' id='line_1_4' title="bbox 327 408 1660 448; baseline 0.001 -3"><span class='ocrx_word' id='word_1_24' title='bbox 327 408 549 446; x_wconf 75' lang='lat' dir='ltr'>tenuimus!</span> <span class='ocrx_word' id='word_1_25' title='bbox 622 409 692 445; x_wconf 90' lang='lat' dir='ltr'>Est</span> <span class='ocrx_word' id='word_1_26' title='bbox 727 408 890 447; x_wconf 90' lang='lat' dir='ltr'>omnino</span> <span class='ocrx_word' id='word_1_27' title='bbox 929 408 1025 447; x_wconf 89' lang='lat' dir='ltr'>illud</span> <span class='ocrx_word' id='word_1_28' title='bbox 1064 408 1260 447; x_wconf 88' lang='lat' dir='ltr'>difficilius</span> <span class='ocrx_word' id='word_1_29' title='bbox 1299 410 1369 448; x_wconf 90' lang='lat' dir='ltr'>sed</span> <span class='ocrx_word' id='word_1_30' title='bbox 1407 416 1540 447; x_wconf 90' lang='lat' dir='ltr'>tamen</span> <span class='ocrx_word' id='word_1_31' title='bbox 1578 422 1660 447; x_wconf 89' lang='lat' dir='ltr'>non</span> 
     </span>
     <span class='ocr_line' id='line_1_5' title="bbox 327 472 1661 524; baseline 0.001 -14"><span class='ocrx_word' id='word_1_32' title='bbox 327 472 551 511; x_wconf 86' lang='lat' dir='ltr'>diffidimus.</span> <span class='ocrx_word' id='word_1_33' title='bbox 613 473 847 511; x_wconf 82' lang='lat' dir='ltr'>Persuasum</span> <span class='ocrx_word' id='word_1_34' title='bbox 868 480 926 511; x_wconf 90' lang='lat' dir='ltr'>est</span> <span class='ocrx_word' id='word_1_35' title='bbox 946 472 1052 511; x_wconf 90' lang='lat' dir='ltr'>enim</span> <span class='ocrx_word' id='word_1_36' title='bbox 1082 473 1325 512; x_wconf 77' lang='lat' dir='ltr'>adulescenti</span> <span class='ocrx_word' id='word_1_37' title='bbox 1346 480 1384 512; x_wconf 94' lang='lat' dir='ltr'>et</span> <span class='ocrx_word' id='word_1_38' title='bbox 1404 473 1573 512; x_wconf 83' lang='lat' dir='ltr'>maxime</span> <span class='ocrx_word' id='word_1_39' title='bbox 1593 487 1661 524; x_wconf 93' lang='lat' dir='ltr'>per</span> 
     </span>
     <span class='ocr_line' id='line_1_6' title="bbox 329 536 1697 587; baseline 0.001 -13"><span class='ocrx_word' id='word_1_40' title='bbox 329 550 391 575; x_wconf 88' lang='lat' dir='ltr'>me</span> <span class='ocrx_word' id='word_1_41' title='bbox 412 536 494 575; x_wconf 91' lang='lat' dir='ltr'>eius</span> <span class='ocrx_word' id='word_1_42' title='bbox 516 550 635 587; x_wconf 88' lang='lat' dir='ltr'>opera</span> <span class='ocrx_word' id='word_1_43' title='bbox 665 550 737 576; x_wconf 91' lang='lat' dir='ltr'>nos</span> <span class='ocrx_word' id='word_1_44' title='bbox 767 551 852 576; x_wconf 92' lang='lat' dir='ltr'>esse</span> <span class='ocrx_word' id='word_1_45' title='bbox 876 539 1014 576; x_wconf 86' lang='lat' dir='ltr'>salvos.</span> <span class='ocrx_word' id='word_1_46' title='bbox 1074 539 1127 576; x_wconf 87' lang='lat' dir='ltr'>Et</span> <span class='ocrx_word' id='word_1_47' title='bbox 1156 546 1270 586; x_wconf 88' lang='lat' dir='ltr'>certe,</span> <span class='ocrx_word' id='word_1_48' title='bbox 1294 537 1368 576; x_wconf 91' lang='lat' dir='ltr'>nisi</span> <span class='ocrx_word' id='word_1_49' title='bbox 1388 537 1419 576; x_wconf 89' lang='lat' dir='ltr'>is</span> <span class='ocrx_word' id='word_1_50' title='bbox 1440 537 1660 576; x_wconf 88' lang='lat' dir='ltr'>Antonium</span> <span class='ocrx_word' id='word_1_51' title='bbox 1681 549 1697 580; x_wconf 86' lang='lat'>5</span> 
     </span>
     <span class='ocr_line' id='line_1_7' title="bbox 286 600 1687 654; baseline 0.001 -14"><span class='ocrx_word' id='word_1_52' title='bbox 286 614 309 640; x_wconf 90' lang='lat'>2</span> <span class='ocrx_word' id='word_1_53' title='bbox 328 602 378 640; x_wconf 82' lang='lat' dir='ltr'>ab</span> <span class='ocrx_word' id='word_1_54' title='bbox 399 602 495 640; x_wconf 87' lang='lat' dir='ltr'>urbe</span> <span class='ocrx_word' id='word_1_55' title='bbox 523 602 735 649; x_wconf 84' lang='lat' dir='ltr'>avertisset,</span> <span class='ocrx_word' id='word_1_56' title='bbox 758 602 949 653; x_wconf 89' lang='lat' dir='ltr'>perissent</span> <span class='ocrx_word' id='word_1_57' title='bbox 969 602 1113 642; x_wconf 87' lang='lat' dir='ltr'>omnia.</span> <span class='ocrx_word' id='word_1_58' title='bbox 1172 603 1323 642; x_wconf 90' lang='lat' dir='ltr'>Triduo</span> <span class='ocrx_word' id='word_1_59' title='bbox 1344 617 1435 642; x_wconf 87' lang='lat' dir='ltr'>vero</span> <span class='ocrx_word' id='word_1_60' title='bbox 1454 611 1522 642; x_wconf 83' lang='lat' dir='ltr'>aut</span> <span class='ocrx_word' id='word_1_61' title='bbox 1542 604 1662 654; x_wconf 86' lang='lat' dir='ltr'>quad-</span> <span class='ocrx_word' id='word_1_62' title='bbox 1678 600 1687 612; x_wconf 73' lang='lat'><em>⁶</em></span> 
     </span>
     <span class='ocr_line' id='line_1_8' title="bbox 328 666 1662 718; baseline 0.001 -14"><span class='ocrx_word' id='word_1_63' title='bbox 328 667 441 705; x_wconf 91' lang='lat' dir='ltr'>riduo</span> <span class='ocrx_word' id='word_1_64' title='bbox 461 675 552 705; x_wconf 86' lang='lat' dir='ltr'>ante</span> <span class='ocrx_word' id='word_1_65' title='bbox 574 668 675 705; x_wconf 88' lang='lat' dir='ltr'>hanc</span> <span class='ocrx_word' id='word_1_66' title='bbox 696 680 778 705; x_wconf 92' lang='lat' dir='ltr'>rem</span> <span class='ocrx_word' id='word_1_67' title='bbox 799 667 1102 718; x_wconf 81' lang='lat' dir='ltr'>pulcherrimam</span> <span class='ocrx_word' id='word_1_68' title='bbox 1129 666 1269 706; x_wconf 88' lang='lat' dir='ltr'>timore</span> <span class='ocrx_word' id='word_1_69' title='bbox 1290 669 1463 718; x_wconf 86' lang='lat' dir='ltr'>quodam</span> <span class='ocrx_word' id='word_1_70' title='bbox 1484 669 1662 718; x_wconf 89' lang='lat' dir='ltr'>perculsa</span> 
     </span>
     <span class='ocr_line' id='line_1_9' title="bbox 328 731 1662 782; baseline 0.001 -13"><span class='ocrx_word' id='word_1_71' title='bbox 328 731 462 770; x_wconf 83' lang='lat' dir='ltr'>civitas</span> <span class='ocrx_word' id='word_1_72' title='bbox 491 739 572 770; x_wconf 84' lang='lat' dir='ltr'>tota</span> <span class='ocrx_word' id='word_1_73' title='bbox 598 733 649 770; x_wconf 87' lang='lat' dir='ltr'>ad</span> <span class='ocrx_word' id='word_1_74' title='bbox 677 739 715 770; x_wconf 92' lang='lat' dir='ltr'>te</span> <span class='ocrx_word' id='word_1_75' title='bbox 743 745 784 771; x_wconf 90' lang='lat' dir='ltr'>se</span> <span class='ocrx_word' id='word_1_76' title='bbox 809 746 900 771; x_wconf 89' lang='lat' dir='ltr'>cum</span> <span class='ocrx_word' id='word_1_77' title='bbox 929 732 1163 782; x_wconf 83' lang='lat' dir='ltr'>coniugibus</span> <span class='ocrx_word' id='word_1_78' title='bbox 1188 740 1226 771; x_wconf 90' lang='lat' dir='ltr'>et</span> <span class='ocrx_word' id='word_1_79' title='bbox 1252 732 1382 771; x_wconf 90' lang='lat' dir='ltr'>liberis</span> <span class='ocrx_word' id='word_1_80' title='bbox 1410 733 1662 780; x_wconf 79' lang='lat' dir='ltr'>effundebat3</span> 
     </span>
     <span class='ocr_line' id='line_1_10' title="bbox 328 797 1662 848; baseline 0.001 -14"><span class='ocrx_word' id='word_1_81' title='bbox 328 797 468 835; x_wconf 87' lang='lat' dir='ltr'>eadem</span> <span class='ocrx_word' id='word_1_82' title='bbox 498 804 670 836; x_wconf 85' lang='lat' dir='ltr'>recreata</span> <span class='ocrx_word' id='word_1_83' title='bbox 699 811 731 835; x_wconf 89' lang='lat' dir='ltr'>a.</span> <span class='ocrx_word' id='word_1_84' title='bbox 756 798 792 836; x_wconf 93' lang='lat' dir='ltr'>d.</span> <span class='ocrx_word' id='word_1_85' title='bbox 816 809 877 835; x_wconf 79' lang='grc' dir='ltr'>ΧΠ</span> <span class='ocrx_word' id='word_1_86' title='bbox 902 799 990 836; x_wconf 88' lang='lat' dir='ltr'>Kal.</span> <span class='ocrx_word' id='word_1_87' title='bbox 1016 797 1143 835; x_wconf 86' lang='lat' dir='ltr'>Maias</span> <span class='ocrx_word' id='word_1_88' title='bbox 1164 804 1201 836; x_wconf 91' lang='lat' dir='ltr'>te</span> <span class='ocrx_word' id='word_1_89' title='bbox 1222 798 1300 836; x_wconf 91' lang='lat' dir='ltr'>huc</span> <span class='ocrx_word' id='word_1_90' title='bbox 1319 797 1451 836; x_wconf 87' lang='lat' dir='ltr'>venire</span> <span class='ocrx_word' id='word_1_91' title='bbox 1481 811 1599 848; x_wconf 87' lang='lat' dir='ltr'>quam</span> <span class='ocrx_word' id='word_1_92' title='bbox 1621 811 1662 836; x_wconf 91' lang='lat' dir='ltr'>se</span> 
     </span>
     <span class='ocr_line' id='line_1_11' title="bbox 328 861 1722 913; baseline 0 -14"><span class='ocrx_word' id='word_1_93' title='bbox 328 863 378 900; x_wconf 86' lang='lat' dir='ltr'>ad</span> <span class='ocrx_word' id='word_1_94' title='bbox 411 869 448 900; x_wconf 93' lang='lat' dir='ltr'>te</span> <span class='ocrx_word' id='word_1_95' title='bbox 482 861 535 900; x_wconf 91' lang='lat' dir='ltr'>ire</span> <span class='ocrx_word' id='word_1_96' title='bbox 567 862 748 900; x_wconf 88' lang='lat' dir='ltr'>malebat.</span> <span class='ocrx_word' id='word_1_97' title='bbox 810 863 902 911; x_wconf 87' lang='lat' dir='ltr'>Quo</span> <span class='ocrx_word' id='word_1_98' title='bbox 933 861 1094 912; x_wconf 85' lang='lat' dir='ltr'>quidem</span> <span class='ocrx_word' id='word_1_99' title='bbox 1125 861 1189 901; x_wconf 89' lang='lat' dir='ltr'>die</span> <span class='ocrx_word' id='word_1_100' title='bbox 1220 876 1452 913; x_wconf 84' lang='lat' dir='ltr'>magnorum</span> <span class='ocrx_word' id='word_1_101' title='bbox 1482 876 1659 901; x_wconf 90' lang='lat' dir='ltr'>meorum</span> <span class='ocrx_word' id='word_1_102' title='bbox 1684 878 1722 899; x_wconf 93' lang='lat'>10</span> 
     </span>
     <span class='ocr_line' id='line_1_12' title="bbox 329 926 1662 978; baseline 0.001 -13"><span class='ocrx_word' id='word_1_103' title='bbox 329 927 507 965; x_wconf 85' lang='lat' dir='ltr'>laborum</span> <span class='ocrx_word' id='word_1_104' title='bbox 531 929 821 977; x_wconf 87' lang='lat' dir='ltr'>multarumque</span> <span class='ocrx_word' id='word_1_105' title='bbox 841 926 1057 977; x_wconf 85' lang='lat' dir='ltr'>vigiliarum</span> <span class='ocrx_word' id='word_1_106' title='bbox 1085 928 1254 966; x_wconf 84' lang='lat' dir='ltr'>fructum</span> <span class='ocrx_word' id='word_1_107' title='bbox 1274 927 1362 978; x_wconf 87' lang='lat' dir='ltr'>cepi</span> <span class='ocrx_word' id='word_1_108' title='bbox 1382 927 1608 975; x_wconf 84' lang='lat' dir='ltr'>maximum,</span> <span class='ocrx_word' id='word_1_109' title='bbox 1631 927 1662 966; x_wconf 88' lang='lat' dir='ltr'>si</span> 
     </span>
     <span class='ocr_line' id='line_1_13' title="bbox 330 992 1663 1044; baseline 0.001 -14"><span class='ocrx_word' id='word_1_110' title='bbox 330 993 451 1030; x_wconf 74' lang='lat' dir='ltr'>niodo</span> <span class='ocrx_word' id='word_1_111' title='bbox 483 999 541 1031; x_wconf 89' lang='lat' dir='ltr'>est</span> <span class='ocrx_word' id='word_1_112' title='bbox 574 992 715 1042; x_wconf 85' lang='lat' dir='ltr'>aliquis</span> <span class='ocrx_word' id='word_1_113' title='bbox 748 994 895 1031; x_wconf 88' lang='lat' dir='ltr'>fructus</span> <span class='ocrx_word' id='word_1_114' title='bbox 929 1006 976 1031; x_wconf 89' lang='lat' dir='ltr'>ex</span> <span class='ocrx_word' id='word_1_115' title='bbox 1009 992 1135 1031; x_wconf 83' lang='lat' dir='ltr'>solida</span> <span class='ocrx_word' id='word_1_116' title='bbox 1165 1006 1334 1043; x_wconf 83' lang='lat' dir='ltr'>veraque</span> <span class='ocrx_word' id='word_1_117' title='bbox 1367 993 1498 1044; x_wconf 84' lang='lat' dir='ltr'>gloria.</span> <span class='ocrx_word' id='word_1_118' title='bbox 1558 994 1663 1031; x_wconf 86' lang='lat' dir='ltr'>Nam</span> 
     </span>
     <span class='ocr_line' id='line_1_14' title="bbox 330 1057 1664 1108; baseline 0.001 -13"><span class='ocrx_word' id='word_1_119' title='bbox 330 1064 461 1096; x_wconf 82' lang='lat' dir='ltr'>tantae</span> <span class='ocrx_word' id='word_1_120' title='bbox 482 1057 745 1096; x_wconf 85' lang='lat' dir='ltr'>multitudinis</span> <span class='ocrx_word' id='word_1_121' title='bbox 766 1065 954 1108; x_wconf 87' lang='lat' dir='ltr'>quantam</span> <span class='ocrx_word' id='word_1_122' title='bbox 976 1057 1080 1108; x_wconf 83' lang='lat' dir='ltr'>capit</span> <span class='ocrx_word' id='word_1_123' title='bbox 1100 1057 1192 1096; x_wconf 91' lang='lat' dir='ltr'>urbs</span> <span class='ocrx_word' id='word_1_124' title='bbox 1213 1065 1346 1096; x_wconf 86' lang='lat' dir='ltr'>nostra</span> <span class='ocrx_word' id='word_1_125' title='bbox 1372 1071 1585 1097; x_wconf 85' lang='lat' dir='ltr'>concursus</span> <span class='ocrx_word' id='word_1_126' title='bbox 1606 1065 1664 1096; x_wconf 90' lang='lat' dir='ltr'>est</span> 
     </span>
     <span class='ocr_line' id='line_1_15' title="bbox 330 1122 1664 1173; baseline -0.001 -12"><span class='ocrx_word' id='word_1_127' title='bbox 330 1123 381 1161; x_wconf 85' lang='lat' dir='ltr'>ad</span> <span class='ocrx_word' id='word_1_128' title='bbox 402 1136 465 1160; x_wconf 91' lang='lat' dir='ltr'>me</span> <span class='ocrx_word' id='word_1_129' title='bbox 486 1124 610 1160; x_wconf 85' lang='lat' dir='ltr'>factus</span> <span class='ocrx_word' id='word_1_130' title='bbox 629 1137 638 1170; x_wconf 77' lang='lat'>3</span> <span class='ocrx_word' id='word_1_131' title='bbox 667 1136 690 1160; x_wconf 86' lang='lat' dir='ltr'>a</span> <span class='ocrx_word' id='word_1_132' title='bbox 710 1136 788 1173; x_wconf 86' lang='lat' dir='ltr'>qua</span> <span class='ocrx_word' id='word_1_133' title='bbox 807 1136 932 1173; x_wconf 89' lang='lat' dir='ltr'>usque</span> <span class='ocrx_word' id='word_1_134' title='bbox 953 1122 993 1160; x_wconf 90' lang='lat' dir='ltr'>in</span> <span class='ocrx_word' id='word_1_135' title='bbox 1015 1122 1257 1173; x_wconf 84' lang='lat' dir='ltr'>Capitolium</span> <span class='ocrx_word' id='word_1_136' title='bbox 1277 1123 1471 1161; x_wconf 90' lang='lat' dir='ltr'>deductus</span> <span class='ocrx_word' id='word_1_137' title='bbox 1492 1122 1664 1160; x_wconf 86' lang='lat' dir='ltr'>maximo</span> 
     </span>
     <span class='ocr_line' id='line_1_16' title="bbox 331 1187 1721 1238; baseline 0 -12"><span class='ocrx_word' id='word_1_138' title='bbox 331 1189 502 1227; x_wconf 89' lang='lat' dir='ltr'>clamore</span> <span class='ocrx_word' id='word_1_139' title='bbox 521 1196 640 1238; x_wconf 85' lang='lat' dir='ltr'>atque</span> <span class='ocrx_word' id='word_1_140' title='bbox 657 1190 795 1238; x_wconf 86' lang='lat' dir='ltr'>plausu</span> <span class='ocrx_word' id='word_1_141' title='bbox 812 1188 851 1226; x_wconf 94' lang='lat' dir='ltr'>in</span> <span class='ocrx_word' id='word_1_142' title='bbox 868 1187 998 1226; x_wconf 88' lang='lat' dir='ltr'>rostris</span> <span class='ocrx_word' id='word_1_143' title='bbox 1016 1190 1246 1227; x_wconf 88' lang='lat' dir='ltr'>conlocatus</span> <span class='ocrx_word' id='word_1_144' title='bbox 1267 1202 1364 1226; x_wconf 91' lang='lat' dir='ltr'>sum.</span> <span class='ocrx_word' id='word_1_145' title='bbox 1414 1187 1525 1227; x_wconf 88' lang='lat' dir='ltr'>Nihil</span> <span class='ocrx_word' id='word_1_146' title='bbox 1546 1195 1603 1226; x_wconf 86' lang='lat' dir='ltr'>est</span> <span class='ocrx_word' id='word_1_147' title='bbox 1623 1187 1663 1226; x_wconf 88' lang='lat' dir='ltr'>in</span> <span class='ocrx_word' id='word_1_148' title='bbox 1686 1204 1721 1236; x_wconf 83' lang='lat'>15</span> 
     </span>
     <span class='ocr_line' id='line_1_17' title="bbox 332 1252 1663 1303; baseline -0.001 -12"><span class='ocrx_word' id='word_1_149' title='bbox 332 1266 395 1291; x_wconf 90' lang='lat' dir='ltr'>me</span> <span class='ocrx_word' id='word_1_150' title='bbox 417 1253 559 1301; x_wconf 74' lang='lat' dir='ltr'>inane3</span> <span class='ocrx_word' id='word_1_151' title='bbox 589 1267 719 1303; x_wconf 85' lang='lat' dir='ltr'>neque</span> <span class='ocrx_word' id='word_1_152' title='bbox 739 1253 844 1292; x_wconf 89' lang='lat' dir='ltr'>enirn</span> <span class='ocrx_word' id='word_1_153' title='bbox 865 1254 984 1292; x_wconf 91' lang='lat' dir='ltr'>debet</span> <span class='ocrx_word' id='word_1_154' title='bbox 1002 1268 1011 1301; x_wconf 81' lang='lat'>3</span> <span class='ocrx_word' id='word_1_155' title='bbox 1041 1254 1111 1292; x_wconf 92' lang='lat' dir='ltr'>sed</span> <span class='ocrx_word' id='word_1_156' title='bbox 1132 1260 1264 1291; x_wconf 89' lang='lat' dir='ltr'>tamen</span> <span class='ocrx_word' id='word_1_157' title='bbox 1281 1252 1459 1291; x_wconf 90' lang='lat' dir='ltr'>omnium</span> <span class='ocrx_word' id='word_1_158' title='bbox 1480 1252 1663 1292; x_wconf 90' lang='lat' dir='ltr'>ordinum</span> 
     </span>
     <span class='ocr_line' id='line_1_18' title="bbox 333 1317 1866 1368; baseline -0.001 -12"><span class='ocrx_word' id='word_1_159' title='bbox 333 1331 560 1365; x_wconf 86' lang='lat' dir='ltr'>consensus,</span> <span class='ocrx_word' id='word_1_160' title='bbox 601 1317 809 1368; x_wconf 84' lang='lat' dir='ltr'>gratiarum</span> <span class='ocrx_word' id='word_1_161' title='bbox 856 1318 959 1356; x_wconf 87' lang='lat' dir='ltr'>actio</span> <span class='ocrx_word' id='word_1_162' title='bbox 997 1317 1282 1368; x_wconf 82' lang='lat' dir='ltr'>gratulatioque</span> <span class='ocrx_word' id='word_1_163' title='bbox 1329 1331 1392 1356; x_wconf 89' lang='lat' dir='ltr'>me</span> <span class='ocrx_word' id='word_1_164' title='bbox 1439 1324 1664 1356; x_wconf 82' lang='lat' dir='ltr'>commovet</span> <span class='ocrx_word' id='word_1_165' title='bbox 1863 1345 1866 1366; x_wconf 87' lang='grc'>,</span> 
     </span>
     <span class='ocr_line' id='line_1_19' title="bbox 333 1382 1867 1730; baseline -0.001 -310"><span class='ocrx_word' id='word_1_166' title='bbox 333 1390 538 1433; x_wconf 84' lang='lat' dir='ltr'>propterea</span> <span class='ocrx_word' id='word_1_167' title='bbox 568 1384 676 1432; x_wconf 88' lang='lat' dir='ltr'>quod</span> <span class='ocrx_word' id='word_1_168' title='bbox 706 1384 935 1433; x_wconf 86' lang='lat' dir='ltr'>popularem</span> <span class='ocrx_word' id='word_1_169' title='bbox 965 1396 1028 1421; x_wconf 87' lang='lat' dir='ltr'>me</span> <span class='ocrx_word' id='word_1_170' title='bbox 1058 1396 1143 1421; x_wconf 90' lang='lat' dir='ltr'>esse</span> <span class='ocrx_word' id='word_1_171' title='bbox 1172 1383 1213 1421; x_wconf 92' lang='lat' dir='ltr'>in</span> <span class='ocrx_word' id='word_1_172' title='bbox 1241 1382 1378 1433; x_wconf 90' lang='lat' dir='ltr'>populi</span> <span class='ocrx_word' id='word_1_173' title='bbox 1407 1383 1530 1421; x_wconf 87' lang='lat' dir='ltr'>salute</span> <span class='ocrx_word' id='word_1_174' title='bbox 1559 1395 1665 1433; x_wconf 80' lang='lat' dir='ltr'>prae·</span> <span class='ocrx_word' id='word_1_175' title='bbox 1860 1384 1867 1730; x_wconf 59' lang='lat' dir='ltr'><em>t</em></span> 
     </span>
    </p>
   </div>
   <div class='ocr_carea' id='block_1_3' title="bbox 1853 0 1871 1231">
    <p class='ocr_par' dir='ltr' id='par_1_3' title="bbox 1853 0 1871 1231">
     <span class='ocr_line' id='line_1_20' title="bbox 1853 0 1871 1231; baseline 0 0"><span class='ocrx_word' id='word_1_176' title='bbox 1853 0 1871 1231; x_wconf 95' lang='lat' dir='ltr'> </span> 
     </span>
    </p>
   </div>
   <div class='ocr_carea' id='block_1_4' title="bbox 291 1448 1725 1955">
    <p class='ocr_par' dir='ltr' id='par_1_4' title="bbox 291 1448 1232 1492">
     <span class='ocr_line' id='line_1_21' title="bbox 291 1448 1232 1492; baseline 0 -6"><span class='ocrx_word' id='word_1_177' title='bbox 291 1455 315 1492; x_wconf 88' lang='grc'><strong>3</strong></span> <span class='ocrx_word' id='word_1_178' title='bbox 334 1449 481 1486; x_wconf 87' lang='lat' dir='ltr'>clarum</span> <span class='ocrx_word' id='word_1_179' title='bbox 511 1455 579 1486; x_wconf 87' lang='lat' dir='ltr'>est.</span> <span class='ocrx_word' id='word_1_180' title='bbox 639 1449 718 1486; x_wconf 86' lang='lat' dir='ltr'>Sed</span> <span class='ocrx_word' id='word_1_181' title='bbox 742 1449 839 1486; x_wconf 89' lang='lat' dir='ltr'>haec</span> <span class='ocrx_word' id='word_1_182' title='bbox 866 1455 904 1487; x_wconf 95' lang='lat' dir='ltr'>te</span> <span class='ocrx_word' id='word_1_183' title='bbox 930 1450 1035 1486; x_wconf 90' lang='lat' dir='ltr'>malo</span> <span class='ocrx_word' id='word_1_184' title='bbox 1061 1449 1112 1487; x_wconf 90' lang='lat' dir='ltr'>ab</span> <span class='ocrx_word' id='word_1_185' title='bbox 1138 1448 1232 1486; x_wconf 89' lang='lat' dir='ltr'>aliis.</span> 
     </span>
    </p>

    <p class='ocr_par' dir='ltr' id='par_1_5' title="bbox 333 1512 1725 1955">
     <span class='ocr_line' id='line_1_22' title="bbox 390 1512 1725 1564; baseline -0.001 -14"><span class='ocrx_word' id='word_1_186' title='bbox 390 1515 458 1551; x_wconf 90' lang='lat' dir='ltr'>Me</span> <span class='ocrx_word' id='word_1_187' title='bbox 479 1513 595 1551; x_wconf 91' lang='lat' dir='ltr'>velim</span> <span class='ocrx_word' id='word_1_188' title='bbox 616 1514 666 1552; x_wconf 91' lang='lat' dir='ltr'>de</span> <span class='ocrx_word' id='word_1_189' title='bbox 691 1513 766 1552; x_wconf 91' lang='lat' dir='ltr'>tuis</span> <span class='ocrx_word' id='word_1_190' title='bbox 794 1514 910 1552; x_wconf 91' lang='lat' dir='ltr'>rebus</span> <span class='ocrx_word' id='word_1_191' title='bbox 940 1513 1193 1564; x_wconf 83' lang='lat' dir='ltr'>consiliisque</span> <span class='ocrx_word' id='word_1_192' title='bbox 1222 1512 1340 1552; x_wconf 86' lang='lat' dir='ltr'>facias</span> <span class='ocrx_word' id='word_1_193' title='bbox 1369 1512 1666 1563; x_wconf 84' lang='lat' dir='ltr'>diligentissime</span> <span class='ocrx_word' id='word_1_194' title='bbox 1687 1527 1725 1549; x_wconf 89' lang='lat'>20</span> 
     </span>
     <span class='ocr_line' id='line_1_23' title="bbox 334 1577 1667 1628; baseline -0.001 -11"><span class='ocrx_word' id='word_1_195' title='bbox 334 1578 538 1617; x_wconf 84' lang='lat' dir='ltr'>certiorem</span> <span class='ocrx_word' id='word_1_196' title='bbox 566 1577 743 1628; x_wconf 86' lang='lat' dir='ltr'>illudque</span> <span class='ocrx_word' id='word_1_197' title='bbox 771 1578 996 1617; x_wconf 89' lang='lat' dir='ltr'>consideres</span> <span class='ocrx_word' id='word_1_198' title='bbox 1026 1593 1076 1618; x_wconf 94' lang='lat' dir='ltr'>ne</span> <span class='ocrx_word' id='word_1_199' title='bbox 1106 1586 1173 1617; x_wconf 92' lang='lat' dir='ltr'>tua</span> <span class='ocrx_word' id='word_1_200' title='bbox 1202 1577 1411 1617; x_wconf 87' lang='lat' dir='ltr'>liberalitas</span> <span class='ocrx_word' id='word_1_201' title='bbox 1441 1577 1667 1617; x_wconf 89' lang='lat' dir='ltr'>dissolutior</span> 
     </span>
     <span class='ocr_line' id='line_1_24' title="bbox 333 1642 1666 1694; baseline 0.001 -13"><span class='ocrx_word' id='word_1_202' title='bbox 333 1643 519 1681; x_wconf 81' lang='lat' dir='ltr'>videatur.</span> <span class='ocrx_word' id='word_1_203' title='bbox 581 1642 643 1681; x_wconf 88' lang='lat' dir='ltr'>Sic</span> <span class='ocrx_word' id='word_1_204' title='bbox 674 1643 791 1681; x_wconf 85' lang='lat' dir='ltr'>sentit</span> <span class='ocrx_word' id='word_1_205' title='bbox 821 1651 990 1690; x_wconf 87' lang='lat' dir='ltr'>senatus,</span> <span class='ocrx_word' id='word_1_206' title='bbox 1014 1643 1069 1682; x_wconf 90' lang='lat' dir='ltr'>sic</span> <span class='ocrx_word' id='word_1_207' title='bbox 1096 1645 1265 1694; x_wconf 89' lang='lat' dir='ltr'>populus</span> <span class='ocrx_word' id='word_1_208' title='bbox 1297 1645 1515 1690; x_wconf 85' lang='lat' dir='ltr'>Romanus,</span> <span class='ocrx_word' id='word_1_209' title='bbox 1537 1645 1666 1682; x_wconf 89' lang='lat' dir='ltr'>nullos</span> 
     </span>
     <span class='ocr_line' id='line_1_25' title="bbox 334 1708 1666 1760; baseline 0.002 -14"><span class='ocrx_word' id='word_1_210' title='bbox 334 1722 524 1758; x_wconf 80' lang='lat' dir='ltr'>umquam</span> <span class='ocrx_word' id='word_1_211' title='bbox 554 1708 677 1746; x_wconf 89' lang='lat' dir='ltr'>hostis</span> <span class='ocrx_word' id='word_1_212' title='bbox 707 1708 903 1759; x_wconf 85' lang='lat' dir='ltr'>digniores</span> <span class='ocrx_word' id='word_1_213' title='bbox 933 1709 1042 1748; x_wconf 92' lang='lat' dir='ltr'>omni</span> <span class='ocrx_word' id='word_1_214' title='bbox 1072 1709 1267 1760; x_wconf 89' lang='lat' dir='ltr'>supplicio</span> <span class='ocrx_word' id='word_1_215' title='bbox 1300 1709 1419 1747; x_wconf 87' lang='lat' dir='ltr'>fuisse</span> <span class='ocrx_word' id='word_1_216' title='bbox 1449 1722 1568 1758; x_wconf 85' lang='lat' dir='ltr'>quarn</span> <span class='ocrx_word' id='word_1_217' title='bbox 1598 1723 1666 1748; x_wconf 94' lang='lat' dir='ltr'>eos</span> 
     </span>
     <span class='ocr_line' id='line_1_26' title="bbox 334 1772 1665 1825; baseline 0.001 -14"><span class='ocrx_word' id='word_1_218' title='bbox 334 1772 428 1811; x_wconf 87' lang='lat' dir='ltr'>civis</span> <span class='ocrx_word' id='word_1_219' title='bbox 458 1773 525 1823; x_wconf 89' lang='lat' dir='ltr'>qui</span> <span class='ocrx_word' id='word_1_220' title='bbox 555 1775 631 1812; x_wconf 87' lang='lat' dir='ltr'>hoc</span> <span class='ocrx_word' id='word_1_221' title='bbox 662 1774 766 1812; x_wconf 90' lang='lat' dir='ltr'>bello</span> <span class='ocrx_word' id='word_1_222' title='bbox 796 1782 933 1813; x_wconf 89' lang='lat' dir='ltr'>contra</span> <span class='ocrx_word' id='word_1_223' title='bbox 962 1774 1127 1825; x_wconf 87' lang='lat' dir='ltr'>patriam</span> <span class='ocrx_word' id='word_1_224' title='bbox 1164 1788 1272 1813; x_wconf 85' lang='lat' dir='ltr'>arma</span> <span class='ocrx_word' id='word_1_225' title='bbox 1310 1781 1499 1824; x_wconf 88' lang='lat' dir='ltr'>ceperunt</span> <span class='ocrx_word' id='word_1_226' title='bbox 1513 1788 1524 1822; x_wconf 79' lang='lat'><em>3</em></span> <span class='ocrx_word' id='word_1_227' title='bbox 1565 1787 1665 1824; x_wconf 84' lang='lat' dir='ltr'>quos</span> 
     </span>
     <span class='ocr_line' id='line_1_27' title="bbox 335 1838 1724 1890; baseline 0.001 -14"><span class='ocrx_word' id='word_1_228' title='bbox 335 1838 496 1888; x_wconf 87' lang='lat' dir='ltr'>quidem</span> <span class='ocrx_word' id='word_1_229' title='bbox 544 1852 617 1888; x_wconf 82' lang='lat' dir='ltr'>ego</span> <span class='ocrx_word' id='word_1_230' title='bbox 667 1839 851 1878; x_wconf 89' lang='lat' dir='ltr'>omnibus</span> <span class='ocrx_word' id='word_1_231' title='bbox 902 1840 1106 1880; x_wconf 87' lang='lat' dir='ltr'>sententiis</span> <span class='ocrx_word' id='word_1_232' title='bbox 1153 1840 1321 1879; x_wconf 90' lang='lat' dir='ltr'>ulciscor</span> <span class='ocrx_word' id='word_1_233' title='bbox 1368 1848 1406 1878; x_wconf 87' lang='lat' dir='ltr'>et</span> <span class='ocrx_word' id='word_1_234' title='bbox 1453 1853 1667 1890; x_wconf 84' lang='lat' dir='ltr'>persequor</span> <span class='ocrx_word' id='word_1_235' title='bbox 1688 1851 1724 1883; x_wconf 85' lang='lat'>25</span> 
     </span>
     <span class='ocr_line' id='line_1_28' title="bbox 334 1903 1663 1955; baseline 0.002 -14"><span class='ocrx_word' id='word_1_236' title='bbox 334 1903 519 1942; x_wconf 88' lang='lat' dir='ltr'>omnibus</span> <span class='ocrx_word' id='word_1_237' title='bbox 546 1903 661 1942; x_wconf 91' lang='lat' dir='ltr'>bonis</span> <span class='ocrx_word' id='word_1_238' title='bbox 688 1905 1010 1954; x_wconf 84' lang='lat' dir='ltr'>approbantibus.</span> <span class='ocrx_word' id='word_1_239' title='bbox 1070 1907 1133 1944; x_wconf 91' lang='lat' dir='ltr'>Tu</span> <span class='ocrx_word' id='word_1_240' title='bbox 1160 1906 1256 1955; x_wconf 84' lang='lat' dir='ltr'>quid</span> <span class='ocrx_word' id='word_1_241' title='bbox 1283 1906 1334 1944; x_wconf 93' lang='lat' dir='ltr'>de</span> <span class='ocrx_word' id='word_1_242' title='bbox 1354 1905 1428 1943; x_wconf 87' lang='lat' dir='ltr'>hac</span> <span class='ocrx_word' id='word_1_243' title='bbox 1448 1918 1488 1943; x_wconf 92' lang='lat' dir='ltr'>re</span> <span class='ocrx_word' id='word_1_244' title='bbox 1509 1904 1663 1952; x_wconf 88' lang='lat' dir='ltr'>sentias,</span> 
     </span>
    </p>
   </div>
   <div class='ocr_carea' id='block_1_5' title="bbox 335 1968 1666 2073">
    <p class='ocr_par' dir='ltr' id='par_1_6' title="bbox 335 1968 1666 2073">
     <span class='ocr_line' id='line_1_29' title="bbox 335 1968 1666 2020; baseline 0.002 -14"><span class='ocrx_word' id='word_1_245' title='bbox 335 1968 390 2007; x_wconf 88' lang='lat' dir='ltr'>tui</span> <span class='ocrx_word' id='word_1_246' title='bbox 412 1968 532 2007; x_wconf 89' lang='lat' dir='ltr'>iudici</span> <span class='ocrx_word' id='word_1_247' title='bbox 553 1976 635 2017; x_wconf 80' lang='lat' dir='ltr'>est3</span> <span class='ocrx_word' id='word_1_248' title='bbox 665 1982 737 2020; x_wconf 84' lang='lat' dir='ltr'>ego</span> <span class='ocrx_word' id='word_1_249' title='bbox 759 1969 814 2008; x_wconf 91' lang='lat' dir='ltr'>sic</span> <span class='ocrx_word' id='word_1_250' title='bbox 835 1970 963 2010; x_wconf 88' lang='lat' dir='ltr'>sentio</span> <span class='ocrx_word' id='word_1_251' title='bbox 984 1970 1100 2009; x_wconf 90' lang='lat' dir='ltr'>trium</span> <span class='ocrx_word' id='word_1_252' title='bbox 1122 1971 1282 2009; x_wconf 87' lang='lat' dir='ltr'>fratrum</span> <span class='ocrx_word' id='word_1_253' title='bbox 1303 1983 1424 2008; x_wconf 90' lang='lat' dir='ltr'>unam</span> <span class='ocrx_word' id='word_1_254' title='bbox 1445 1976 1483 2008; x_wconf 93' lang='lat' dir='ltr'>et</span> <span class='ocrx_word' id='word_1_255' title='bbox 1499 1971 1666 2009; x_wconf 89' lang='lat' dir='ltr'>eandem</span> 
     </span>
     <span class='ocr_line' id='line_1_30' title="bbox 335 2047 610 2073; baseline 0 -1"><span class='ocrx_word' id='word_1_256' title='bbox 335 2047 419 2073; x_wconf 91' lang='lat' dir='ltr'>esse</span> <span class='ocrx_word' id='word_1_257' title='bbox 440 2048 610 2072; x_wconf 80' lang='lat' dir='ltr'>causam.</span> 
     </span>
    </p>
   </div>
   <div class='ocr_carea' id='block_1_6' title="bbox 336 2102 1860 2222">
    <p class='ocr_par' dir='ltr' id='par_1_7' title="bbox 336 2102 1860 2222">
     <span class='ocr_line' id='line_1_31' title="bbox 384 2102 1860 2180; baseline 0 -12"><span class='ocrx_word' id='word_1_258' title='bbox 384 2148 395 2167; x_wconf 94' lang='lat'>1</span> <span class='ocrx_word' id='word_1_259' title='bbox 419 2142 470 2168; x_wconf 88' lang='lat' dir='ltr'>est</span> <span class='ocrx_word' id='word_1_260' title='bbox 481 2137 641 2169; x_wconf 74' lang='lat' dir='ltr'>Biiclzcler</span> <span class='ocrx_word' id='word_1_261' title='bbox 655 2139 704 2179; x_wconf 64' lang='lat' dir='ltr'>(cf</span> <span class='ocrx_word' id='word_1_262' title='bbox 720 2138 907 2180; x_wconf 77' lang='lat' dir='ltr'>Wesenberg</span> <span class='ocrx_word' id='word_1_263' title='bbox 923 2138 1078 2171; x_wconf 83' lang='lat' dir='ltr'>‘Emend.</span> <span class='ocrx_word' id='word_1_264' title='bbox 1089 2139 1097 2150; x_wconf 86' lang='lat'><em>&#39;</em></span> <span class='ocrx_word' id='word_1_265' title='bbox 1109 2144 1144 2180; x_wconf 78' lang='lat' dir='ltr'>p.</span> <span class='ocrx_word' id='word_1_266' title='bbox 1162 2139 1213 2179; x_wconf 76' lang='lat'>18)</span> <span class='ocrx_word' id='word_1_267' title='bbox 1230 2150 1236 2169; x_wconf 92' lang='lat'><strong>:</strong></span> <span class='ocrx_word' id='word_1_268' title='bbox 1262 2143 1295 2169; x_wconf 88' lang='lat' dir='ltr'>et</span> <span class='ocrx_word' id='word_1_269' title='bbox 1313 2137 1355 2168; x_wconf 92' lang='lat' dir='ltr'><em>M</em></span> <span class='ocrx_word' id='word_1_270' title='bbox 1357 2138 1383 2171; x_wconf 84' lang='lat'>¹:</span> <span class='ocrx_word' id='word_1_271' title='bbox 1407 2138 1464 2169; x_wconf 82' lang='lat' dir='ltr'><em>dcl.</em></span> <span class='ocrx_word' id='word_1_272' title='bbox 1481 2137 1535 2168; x_wconf 78' lang='lat' dir='ltr'>M2</span> <span class='ocrx_word' id='word_1_273' title='bbox 1628 2148 1666 2168; x_wconf 81' lang='lat'>12</span> <span class='ocrx_word' id='word_1_274' title='bbox 1857 2102 1860 2159; x_wconf 64' lang='lat' dir='ltr'>i</span> 
     </span>
     <span class='ocr_line' id='line_1_32' title="bbox 336 2180 1662 2222; baseline 0.001 -11"><span class='ocrx_word' id='word_1_275' title='bbox 336 2181 478 2212; x_wconf 82' lang='lat' dir='ltr'>fructum</span> <span class='ocrx_word' id='word_1_276' title='bbox 497 2182 550 2211; x_wconf 75' lang='grc' dir='ltr'>Μ2</span> <span class='ocrx_word' id='word_1_277' title='bbox 567 2194 574 2213; x_wconf 85' lang='grc'>;</span> <span class='ocrx_word' id='word_1_278' title='bbox 601 2194 666 2213; x_wconf 83' lang='lat' dir='ltr'>om.</span> <span class='ocrx_word' id='word_1_279' title='bbox 686 2182 739 2213; x_wconf 93' lang='lat' dir='ltr'>Ml</span> <span class='ocrx_word' id='word_1_280' title='bbox 852 2192 890 2221; x_wconf 85' lang='lat'>14</span> <span class='ocrx_word' id='word_1_281' title='bbox 915 2194 933 2214; x_wconf 89' lang='lat' dir='ltr'>a</span> <span class='ocrx_word' id='word_1_282' title='bbox 949 2193 1015 2222; x_wconf 86' lang='lat' dir='ltr'>qua</span> <span class='ocrx_word' id='word_1_283' title='bbox 1034 2183 1077 2214; x_wconf 87' lang='lat' dir='ltr'>C:</span> <span class='ocrx_word' id='word_1_284' title='bbox 1104 2194 1144 2214; x_wconf 88' lang='lat' dir='ltr'>ea</span> <span class='ocrx_word' id='word_1_285' title='bbox 1160 2193 1235 2213; x_wconf 87' lang='lat' dir='ltr'>curn</span> <span class='ocrx_word' id='word_1_286' title='bbox 1253 2181 1310 2212; x_wconf 90' lang='lat' dir='ltr'>M:</span> <span class='ocrx_word' id='word_1_287' title='bbox 1335 2182 1376 2213; x_wconf 85' lang='lat' dir='ltr'>ab</span> <span class='ocrx_word' id='word_1_288' title='bbox 1393 2193 1432 2213; x_wconf 88' lang='lat' dir='ltr'>ea</span> <span class='ocrx_word' id='word_1_289' title='bbox 1450 2191 1524 2212; x_wconf 89' lang='lat' dir='ltr'>curn</span> <span class='ocrx_word' id='word_1_290' title='bbox 1542 2180 1662 2212; x_wconf 81' lang='lat' dir='ltr'>Lamb.</span> 
     </span>
    </p>
   </div>
   <div class='ocr_carea' id='block_1_7' title="bbox 335 2225 1666 2301">
    <p class='ocr_par' dir='ltr' id='par_1_8' title="bbox 335 2225 1666 2301">
     <span class='ocr_line' id='line_1_33' title="bbox 335 2225 1666 2266; baseline 0 -11"><span class='ocrx_word' id='word_1_291' title='bbox 335 2229 408 2255; x_wconf 80' lang='lat' dir='ltr'>ante</span> <span class='ocrx_word' id='word_1_292' title='bbox 446 2226 590 2256; x_wconf 80' lang='lat' dir='ltr'>maximo</span> <span class='ocrx_word' id='word_1_293' title='bbox 632 2226 724 2258; x_wconf 79' lang='lat' dir='ltr'>addit</span> <span class='ocrx_word' id='word_1_294' title='bbox 757 2237 836 2258; x_wconf 85' lang='lat' dir='ltr'>mox</span> <span class='ocrx_word' id='word_1_295' title='bbox 871 2226 995 2258; x_wconf 81' lang='lat' dir='ltr'>Clark:</span> <span class='ocrx_word' id='word_1_296' title='bbox 1029 2227 1112 2266; x_wconf 84' lang='lat' dir='ltr'>sort.</span> <span class='ocrx_word' id='word_1_297' title='bbox 1148 2227 1314 2258; x_wconf 87' lang='lat' dir='ltr'>deductus</span> <span class='ocrx_word' id='word_1_298' title='bbox 1352 2229 1469 2266; x_wconf 85' lang='lat' dir='ltr'>postea</span> <span class='ocrx_word' id='word_1_299' title='bbox 1506 2225 1666 2256; x_wconf 84' lang='lat' dir='ltr'>reductus</span> 
     </span>
     <span class='ocr_line' id='line_1_34' title="bbox 339 2269 645 2301; baseline 0.007 -3"><span class='ocrx_word' id='word_1_300' title='bbox 339 2269 377 2299; x_wconf 89' lang='lat'>18</span> <span class='ocrx_word' id='word_1_301' title='bbox 402 2279 454 2300; x_wconf 82' lang='lat' dir='ltr'>me</span> <span class='ocrx_word' id='word_1_302' title='bbox 471 2270 528 2301; x_wconf 75' lang='lat' dir='ltr'>dcl.</span> <span class='ocrx_word' id='word_1_303' title='bbox 554 2270 645 2300; x_wconf 74' lang='lat' dir='ltr'>Cobet</span> 
     </span>
    </p>
   </div>
   <div class='ocr_carea' id='block_1_8' title="bbox 1848 2063 1864 2683">
    <p class='ocr_par' dir='ltr' id='par_1_9' title="bbox 1848 2063 1864 2683">
     <span class='ocr_line' id='line_1_35' title="bbox 1848 2063 1864 2683; baseline 0 0"><span class='ocrx_word' id='word_1_304' title='bbox 1848 2063 1864 2683; x_wconf 95' lang='lat' dir='ltr'> </span> 
     </span>
    </p>
   </div>
  </div>
 </body>
</html>
