1871 2782
251 135 282 172 1.
299 134 346 171 xi
664 131 719 167 M.
751 130 920 188 TVLLI
952 128 1260 168 CICERONIS

300 242 443 293 poterit
470 254 550 291 quo
584 240 707 291 magis
740 242 984 291 amplexetur
1014 255 1060 280 ac
1092 248 1246 280 tueatur
1277 240 1467 280 iudicium
1501 255 1628 282 suum.

301 308 350 346 Id
371 306 466 344 mihi
486 305 749 356 gratissimum
771 305 851 344 erit.

340 452 433 487 XII
616 454 685 487 Scr.
705 455 834 486 Romae
849 455 893 487 in.
915 465 959 486 m.
980 455 1091 494 Quint.
1111 465 1140 486 α.
1163 465 1216 494 711
1237 455 1317 497 (45).

724 531 900 563 CICERO
926 532 1083 563 BRVTO
1109 532 1206 563 SAL.

265 621 282 647 1
355 608 440 647 Etsi
473 610 635 648 daturus
669 622 774 648 eram
811 611 1006 648 Messalae
1041 609 1215 649 Corvino
1249 608 1440 648 continuo
1473 609 1630 657 litteras,
1654 621 1671 654 5

300 682 433 713 tamen
449 677 634 713 Veterem
655 681 832 713 nostrum
853 675 904 712 ad
925 682 963 712 te
984 674 1068 712 sine
1089 674 1224 712 litteris
1246 674 1343 713 meis
1359 674 1491 712 venire
1511 674 1631 712 nolui.

302 740 479 778 Maximo
503 739 544 777 in
571 739 798 778 discrimine
822 753 882 778 res
910 739 1079 789 publica,
1104 741 1234 786 Brute,
1257 746 1431 777 versatur
1456 739 1636 777 victores-

301 818 378 855 que
398 818 529 843 rursus
550 806 749 843 decertare
771 803 957 854 cogimur.
1013 804 1062 842 Id
1082 803 1226 842 accidit
1248 805 1304 842 M.
1329 803 1470 854 Lepidi
1491 805 1636 841 scelere

301 877 340 908 et
366 869 548 908 amentia.
609 870 702 918 Quo
729 876 907 919 tempore
934 882 1025 907 cum
1054 870 1177 907 multa
1203 876 1362 919 propter
1388 882 1475 907 eam
1502 881 1635 906 curam

302 947 422 984 quam
443 947 514 984 pro
534 947 574 972 re
601 932 761 984 publica
787 932 942 983 suscepi
968 933 1134 983 graviter
1160 934 1311 980 ferrern,
1334 940 1418 971 tum
1442 932 1539 970 nihil
1566 932 1636 971 tuli
1658 945 1695 967 10

301 998 455 1049 gravius
489 1012 609 1049 quam
638 1011 702 1037 me
731 1011 813 1037 non
842 1011 959 1048 posse
989 997 1122 1036 matris
1153 1005 1243 1036 tuae
1272 997 1454 1049 precibus
1484 998 1634 1045 cedere,

302 1077 383 1102 non
415 1063 557 1102 sororis
574 1077 585 1111 3
627 1077 720 1101 nam
755 1062 837 1110 tibi,
872 1063 981 1113 quod
1015 1062 1112 1100 mihi
1145 1062 1302 1113 plurimi
1332 1069 1400 1110 est,
1432 1062 1545 1100 facile
1574 1075 1638 1100 me

303 1129 395 1167 satis
415 1130 609 1167 facturum
629 1129 854 1167 arbitrabar.
915 1129 1038 1167 Nullo
1064 1128 1171 1167 enim
1195 1129 1318 1167 modo
1343 1135 1496 1178 poterat
1520 1140 1638 1166 causa

303 1193 445 1243 Lepidi
483 1193 671 1243 distingui
712 1194 763 1231 ab
801 1192 980 1231 Antonio
1027 1192 1286 1243 omniumque
1333 1191 1481 1231 iudicio
1519 1191 1637 1230 etiam

304 1257 437 1297 durior
457 1266 537 1297 erat
557 1259 677 1308 quod,
701 1271 792 1296 cum
813 1257 1030 1296 honoribus
1050 1257 1301 1308 amplissimis
1321 1271 1344 1295 a
1370 1264 1508 1296 senatu
1536 1263 1637 1296 esset
1658 1267 1694 1301 15

305 1323 480 1374 Lepidus
510 1331 670 1362 ornatus
700 1330 784 1361 tum
814 1323 932 1362 etiam
961 1322 1097 1373 paucis
1130 1330 1222 1361 ante
1252 1323 1392 1362 diebus
1422 1324 1637 1373 praeclaras

304 1389 449 1427 litteras
489 1390 539 1428 ad
579 1396 759 1427 senatum
799 1387 978 1435 misisset,
1018 1395 1180 1438 repente
1213 1401 1295 1426 non
1329 1389 1457 1426 solum
1492 1387 1639 1437 recepit

305 1454 487 1504 reliquias
508 1453 681 1492 hostium
702 1454 772 1492 sed
800 1453 947 1492 bellum
975 1453 1162 1492 acerrime
1189 1460 1290 1492 terra
1313 1453 1490 1503 marique
1516 1452 1611 1502 gerit
1629 1466 1640 1500 ;

306 1519 416 1558 cuius
437 1519 561 1558 exitus
582 1518 650 1569 qui
670 1520 822 1557 futurus
843 1518 892 1557 sit
912 1518 1105 1557 incertum
1127 1526 1195 1557 est.
1257 1521 1318 1557 Ita
1342 1532 1433 1557 cum
1457 1531 1639 1567 rogamur

306 1592 348 1622 ut
387 1583 693 1622 misericordiam
729 1583 860 1622 liberis
899 1583 982 1622 eius
1016 1583 1295 1634 impertiamus,
1332 1583 1429 1621 nihil
1467 1584 1640 1621 adfertur
1659 1594 1701 1617 20

307 1662 388 1699 quo
404 1648 533 1687 minus
549 1662 704 1687 summa
720 1648 921 1699 supplicia,
939 1648 969 1686 si
984 1647 1109 1699 (quod
1128 1648 1304 1698 Iuppiter
1321 1661 1438 1686 omen
1451 1655 1598 1686 avertat
1616 1647 1639 1698 !)

266 1727 290 1754 2
308 1721 418 1765 pater
436 1727 646 1764 puerorum
666 1713 810 1760 vicerit,
834 1714 1042 1752 subeunda
1062 1713 1177 1752 nobis
1198 1713 1284 1751 sint.
1345 1715 1432 1751 Nec
1458 1727 1550 1751 vero
1577 1726 1640 1750 me

306 1779 404 1829 fugit
438 1792 556 1828 quam
587 1778 635 1817 sit
662 1778 850 1817 acerbum
884 1786 1091 1829 parentum
1126 1780 1272 1817 scelera
1303 1778 1471 1816 filiorum
1502 1777 1640 1828 poenis

306 1843 359 1881 lui
374 1858 384 1891 3
413 1844 483 1882 sed
513 1844 589 1881 hoc
618 1845 815 1893 praeclare
845 1843 996 1893 legibus
1027 1850 1298 1893 comparatum
1329 1850 1398 1889 est,
1430 1850 1472 1880 ut
1502 1842 1641 1880 caritas

306 1908 517 1947 liberorum
547 1908 753 1946 amiciores
773 1908 944 1959 parentis
968 1908 1023 1947 rei
1043 1907 1226 1959 publicae
1249 1909 1440 1946 redderet.
1500 1909 1641 1957 Itaque
1662 1920 1700 1952 25

308 1973 483 2024 Lepidus
515 1973 682 2012 crudelis
713 1972 754 2011 in
788 1972 942 2019 liberos,
977 1987 1057 2011 non
1092 1973 1124 2011 is
1155 1972 1222 2022 qui
1257 1972 1454 2022 Lepidum
1486 1973 1641 2010 hostem

308 2038 464 2077 iudicat.
524 2040 657 2088 Atque
684 2038 748 2076 ille
774 2038 805 2076 si
832 2038 949 2076 armis
975 2037 1113 2088 positis
1142 2039 1192 2076 de
1221 2037 1258 2076 vi
1288 2039 1498 2076 damnatus
1527 2044 1640 2083 esset,

309 2117 389 2153 quo
427 2103 467 2141 in
502 2103 648 2142 iudicio
687 2111 791 2142 certe
829 2102 1101 2142 defensionem
1141 2117 1222 2141 non
1260 2103 1433 2149 haberet,
1473 2103 1640 2140 eandem

310 2168 572 2207 calamitatem
604 2168 780 2207 subirent
814 2168 925 2207 liberi
958 2168 1073 2207 bonis
1107 2168 1324 2219 publicatis
1387 2169 1640 2216 Quamquam

311 2235 419 2282 quod
449 2241 515 2271 tua
544 2241 668 2272 mater
698 2241 736 2272 et
767 2247 876 2272 soror
906 2235 1137 2283 deprecatur
1170 2247 1240 2283 pro
1271 2232 1410 2283 pueris,
1442 2232 1483 2270 id
1512 2232 1640 2282 ipsum
1660 2245 1702 2274 30

312 2305 349 2335 et
377 2299 498 2336 multa
524 2298 600 2336 alia
626 2298 844 2337 crudeliora
870 2297 987 2336 nobis
1014 2297 1200 2336 omnibus
1230 2297 1415 2348 Lepidus,
1442 2296 1641 2335 Antonius

418 2406 437 2426 2
464 2397 499 2426 Id
517 2395 582 2427 cod.
603 2396 779 2427 Palatinus
795 2401 933 2437 quartus
948 2408 955 2428 :
978 2401 1012 2428 et
1030 2395 1071 2426 M
1203 2406 1241 2434 14
1265 2395 1394 2426 Antoni
1411 2395 1531 2428 Lamb.
