1871 2782
628 188 740 226 EPP.
772 188 850 226 AD
882 189 1117 227 BRVTVM
1489 190 1542 227 II.
1560 189 1606 227 iii

212 296 279 347 qui
299 296 370 335 tibi
391 304 448 336 est
472 297 703 345 carissimus,
726 297 822 336 illud
849 298 976 337 tribue
1003 298 1149 337 iudicio
1177 312 1265 337 meo
1290 305 1331 337 ut
1359 298 1428 337 tibi
1457 312 1538 349 per-

212 362 377 400 suadeas
407 375 487 400 non
517 363 598 401 fore
627 362 681 400 illi
710 362 955 401 abutendum
985 362 1107 412 gloria
1135 370 1201 401 tua
1230 371 1271 401 ut
1300 362 1538 414 adipiscatur

211 427 380 465 honores
407 434 600 477 paternos.
661 427 829 465 Kalend.
852 428 945 477 Apr.
972 427 1225 477 Dyrrhachio.

253 559 320 594 IV
339 563 404 604 [IV
420 568 453 594 et
469 563 535 605 VI]
623 563 691 596 Scr.
710 563 838 594 Romae
849 563 934 605 prid.
953 563 1002 596 Id.
1022 564 1104 605 Apr.
1126 575 1224 595 mane
1239 575 1269 596 α.
1294 575 1347 604 711
1367 565 1444 606 (43).

173 644 191 677 5
629 640 804 671 CICERO
829 640 988 671 BRVTO
1015 640 1111 672 SAL.

266 716 379 755 Datis
407 730 522 756 mane
542 730 574 755 a.
598 718 634 756 d.
659 729 705 755 111
729 719 788 756 Id.
811 717 931 767 April.
956 717 1114 768 Scaptio
1141 717 1275 756 litteris
1303 719 1444 757 eodem
1471 719 1535 757 die
1557 733 1573 759 1

210 788 296 820 tuas
324 782 459 832 accepi
491 784 577 821 Kal.
612 782 732 833 April.
761 782 1005 832 Dyrrhachio
1034 784 1144 822 datas
1175 783 1336 833 vesperi.
1397 785 1536 833 Itaque

211 860 327 886 mane
356 847 452 897 prid.
484 849 543 886 Id.
573 849 680 897 Apr.,
709 861 799 886 cum
830 861 853 885 a
887 847 1045 898 Scaptio
1078 847 1217 886 certior
1251 849 1375 886 factus
1409 862 1534 887 essem

211 924 293 949 non
326 925 411 950 esse
442 925 509 950 eos
548 913 744 962 profectos
778 912 921 962 quibus
959 912 1083 962 pridie
1116 914 1302 951 dederam
1336 920 1374 951 et
1405 913 1535 951 statim

152 987 192 1010 10
211 974 275 1022 ire,
307 976 385 1014 hoc
413 978 615 1026 paululum
645 976 796 1015 exaravi
826 976 909 1028 ipsa
939 977 979 1015 in
1008 977 1121 1016 turba
1154 977 1368 1016 matutinae
1398 980 1536 1016 saluta-

210 1039 337 1079 tionis.

264 1107 327 1143 De
347 1105 487 1145 Cassio
506 1107 629 1144 laetor
654 1113 692 1145 et
712 1106 765 1144 rei
786 1106 968 1157 publicae
993 1108 1173 1156 gratulor,
1196 1106 1293 1144 mihi
1320 1107 1435 1145 etiarn
1468 1106 1534 1157 qui
1555 1114 1578 1141 2

210 1178 451 1219 repugnante
471 1178 510 1209 et
536 1170 726 1209 irascente
748 1173 875 1209 Pansa
901 1170 1138 1209 sententiam
1165 1171 1328 1209 dixerim
1355 1178 1396 1209 ut
1420 1173 1536 1209 Dola-

210 1233 354 1272 bellam
384 1235 488 1273 bello
516 1235 675 1274 Cassius
706 1243 1012 1286 persequeretur.
1072 1236 1124 1272 Et
1157 1235 1318 1284 quidem
1352 1236 1538 1274 audacter

152 1311 188 1343 15
210 1297 392 1337 dicebam
413 1299 497 1337 sine
517 1307 651 1337 nostro
672 1306 829 1338 senatus
853 1301 1035 1338 consulto
1055 1299 1133 1337 iam
1154 1299 1250 1338 illud
1271 1313 1361 1338 eum
1389 1300 1536 1339 bellum

207 1375 349 1412 gerere.
410 1365 472 1401 De
492 1370 531 1402 te
550 1363 668 1401 etiam
689 1363 768 1402 dixi
789 1371 872 1402 tum
893 1377 994 1414 quae
1021 1363 1191 1403 dicenda
1217 1364 1360 1414 putavi.
1422 1366 1536 1403 Haec

206 1429 258 1466 ad
279 1435 317 1466 te
332 1428 456 1467 oratio
476 1430 697 1480 perferetur,
713 1429 903 1480 quoniam
924 1437 963 1469 te
976 1429 1091 1469 video
1108 1430 1292 1469 delectari
1306 1430 1535 1481 Philippicis

207 1492 358 1531 nostris.
1338 1503 1341 1505 ’

262 1559 383 1607 Quod
410 1572 474 1598 me
500 1560 551 1598 de
579 1559 756 1599 Antonio
787 1560 970 1608 consulis,
1001 1561 1135 1611 quoad
1166 1560 1274 1599 Bruti
1301 1560 1447 1600 exitum
1474 1575 1536 1599 co·
1555 1571 1579 1608 3

149 1637 188 1659 20
205 1623 406 1673 gnorimus
444 1624 750 1664 custodiendum
788 1633 895 1675 puto.
960 1627 1020 1663 Ex
1051 1625 1096 1663 iis
1130 1625 1265 1663 litteris
1304 1639 1401 1676 quas
1439 1625 1535 1664 milii

206 1687 358 1737 misisti,
380 1690 587 1728 Dolabella
611 1689 748 1728 Asiam
774 1703 912 1728 vexare
941 1689 1094 1729 videtur
1124 1697 1162 1728 et
1191 1690 1231 1728 in
1260 1704 1306 1728 ea
1334 1704 1375 1729 se
1404 1704 1535 1740 gerere

206 1753 436 1793 taeterrime.
509 1755 789 1805 Compluribus
828 1763 960 1793 autem
999 1755 1186 1804 scripsisti
1226 1755 1473 1794 Dolabellam
1512 1768 1535 1792 a

208 1818 377 1856 Rhodiis
397 1832 482 1858 esse
507 1821 720 1858 exclusum.
781 1819 860 1869 Qui
888 1819 919 1858 si
945 1820 996 1857 ad
1019 1821 1208 1858 Rhodum
1235 1819 1408 1866 accessit,
1432 1819 1536 1858 vide-

207 1889 268 1920 tur
297 1883 393 1921 mihi
420 1883 557 1922 Asiam
587 1884 798 1934 reliquisse.
860 1886 909 1923 Id
939 1884 970 1922 si
999 1884 1052 1922 ita
1081 1891 1148 1931 est,
1177 1884 1261 1922 istic
1292 1883 1361 1921 tibi
1391 1897 1534 1922 censeo

148 1961 186 1993 25
207 1949 560 1996 commorandum‚·
589 1948 648 1986 sin
670 1952 781 1989 †eam
802 1950 923 1987 semel
950 1948 1063 1999 cepit,
1087 1948 1183 1986 mihi
1210 1949 1335 1995 crede,
1359 1962 1439 1987 non
1463 1948 1534 1987 erit

206 2013 266 2050 Id.
293 2014 414 2062 Apr.†
434 2020 473 2050 at
503 2013 542 2051 in
569 2013 704 2051 Asiam
735 2026 878 2052 censeo
909 2014 1237 2063 persequendum.
1296 2012 1405 2051 Nihil
1435 2013 1530 2051 mihi

205 2075 346 2115 videris
367 2078 443 2115 hoc
463 2085 640 2127 tempore
662 2077 801 2116 melius
820 2085 988 2116 acturus.
1043 2079 1164 2127 Quod
1185 2091 1297 2127 egere
1317 2085 1355 2116 te
1375 2078 1528 2116 duabus
1546 2076 1573 2113 4
1632 2119 1640 2128 v

204 2141 431 2180 necessariis
462 2142 578 2180 rebus
610 2141 756 2189 scribis,
790 2144 1064 2192 supplemento
1095 2150 1133 2181 et
1164 2142 1342 2192 pecunia,
1374 2142 1529 2181 difficile
1547 2120 1669 2154 (ψῃ)

204 2207 411 2245 consilium
433 2214 501 2245 est.
562 2210 654 2246 Non
676 2207 781 2246 enim
802 2207 897 2245 mihi
922 2215 1131 2246 occurrunt
1158 2209 1361 2246 facultates
1388 2207 1530 2257 quibus

247 2311 268 2340 6
292 2320 332 2341 111
354 2310 427 2342 Vict.
446 2322 452 2341 :
475 2321 510 2341 vr
530 2311 614 2342 Crat.
635 2311 722 2351 vulg.
814 2320 854 2350 25
879 2311 930 2341 sin
948 2322 1020 2341 eam
1040 2313 1095 2345 (sc.
1116 2311 1290 2346 Rhodum]
1311 2311 1412 2342 semel
1431 2311 1530 2350 cepit,

205 2354 285 2384 mihi
303 2355 412 2392 crede,
431 2365 497 2384 non
516 2355 581 2385 erit
598 2356 697 2392 idem,
711 2359 744 2385 at
762 2354 794 2384 in
813 2354 926 2385 Asiam
948 2354 1088 2385 Ganter:
1121 2365 1234 2385 sensus
1259 2355 1320 2384 lale
1335 2354 1417 2393 quid
1432 2355 1530 2393 requi-

205 2407 268 2426 rere
283 2397 410 2427 videlur
426 2398 476 2428 sin
498 2398 531 2428 in
548 2398 664 2429 Asiam
683 2398 748 2440 (vel
762 2398 812 2429 sin
833 2399 888 2440 eo)
905 2408 942 2429 se
961 2398 1136 2438 receperit,
1157 2398 1235 2428 mihi
1253 2399 1362 2438 crede,
1382 2408 1450 2428 non
1470 2398 1532 2428 erit

204 2440 303 2480 idem,
323 2446 356 2471 at
373 2441 406 2471 in
424 2441 539 2472 Asiam
