1871 2782
375 158 399 186 2
421 162 437 196 7
748 147 795 195 Q.
828 146 994 183 TVLLI
1027 146 1333 185 CICERONIS

370 257 478 297 modi
503 257 655 296 nobiles
683 265 813 295 tecum
843 263 992 306 petunt,
1016 263 1058 294 ut
1085 269 1203 295 nemo
1234 255 1281 294 sit
1306 255 1373 305 qui
1396 256 1539 294 audeat
1569 256 1699 295 dicere

369 323 456 372 plus
484 321 556 360 illis
581 321 826 360 nobilitatem
854 335 972 371 quam
997 321 1068 359 tibi
1097 321 1278 359 virtutem
1299 322 1486 370 prodesse
1507 318 1699 370 oportere.¹

370 388 474 424 Nam
503 388 544 424 P.
568 387 735 425 Galbam
761 393 799 423 et
820 387 863 424 L.
888 385 1068 425 Cassium
1097 399 1253 423 summo
1282 386 1371 423 loco
1398 392 1511 423 natos
1536 385 1621 435 quis
1642 394 1700 424 est

371 451 438 501 qui
459 458 591 502 petere
618 453 867 489 consulatum
895 453 1038 501 putet?
1078 451 1202 489 Vides
1231 450 1346 500 igitur
1374 450 1625 500 amplissimis
1655 464 1701 488 ex

371 516 527 555 familiis
548 515 740 563 homines,
763 517 872 566 quod
892 515 976 554 Sine
1002 515 1129 554 nervis
1154 522 1255 563 sunt,
1278 514 1350 553 tibi
1370 514 1472 565 paris
1498 528 1578 553 non
1603 528 1697 553 esse.
1720 526 1737 558 5

333 590 351 620 8
371 583 424 619 At
445 581 642 619 Antonius
663 589 700 619 et
722 581 892 621 Catilina
921 580 1076 618 molesti
1102 588 1202 618 sunt.
1263 581 1394 618 Immo
1414 579 1565 617 homini
1586 593 1698 626 navo,

369 636 574 693 industrio,
615 646 829 693 innocenti,
871 645 1029 692 diserto,
1069 645 1238 695 gratioso
1280 645 1388 694 apud
1428 658 1495 682 eos
1534 644 1601 694 qui
1641 657 1700 681 res

369 709 556 758 iudicant,
579 709 742 760 optandi
763 710 1041 759 competitores
1056 709 1176 747 ambo
1195 723 1218 747 a
1238 709 1403 759 pueritia
1422 709 1558 755 sicarii,
1581 710 1701 748 ambo

368 775 580 822 libidinosi,
610 776 730 813 ambo
754 783 925 825 egentes.
986 777 1135 812 Eorum
1164 773 1323 813 alterius
1350 774 1456 812 bona
1484 774 1702 824 proscripta

367 839 548 887 vidimus,
567 853 705 878 vocem
722 839 894 889 denique
910 838 1132 877 audivimus
1149 838 1310 877 iurantis
1324 852 1365 877 se
1383 840 1537 877 Romae
1553 839 1700 878 iudicio
1723 854 1760 877 10

365 918 495 954 aequo
529 918 620 943 cum
654 904 816 943 homine
848 905 1001 942 Graeco
1033 911 1180 943 certare
1209 917 1290 941 non
1321 917 1447 954 posse,
1482 918 1529 942 ex
1561 912 1699 942 senatu

367 969 537 1008 eiectum
558 968 703 1008 scimus
728 968 878 1019 optima
901 981 1081 1006 verorum
1102 981 1311 1007 censorum
1338 968 1636 1016 existimatione,
1658 968 1699 1019 in

367 1042 548 1084 praetura
568 1034 868 1084 competitorem
888 1033 1100 1071 habuimus
1113 1032 1243 1071 amico
1256 1033 1419 1071 Sabidio
1432 1041 1470 1071 et
1491 1035 1696 1080 Panthera,

367 1113 489 1149 quom
513 1101 564 1138 ad
594 1100 768 1137 tabulam
799 1112 898 1148 quos
928 1105 1092 1149 poneret
1121 1112 1202 1136 non
1227 1098 1413 1147 haberet3
1459 1112 1539 1148 quo
1566 1106 1699 1137 tamen

365 1164 406 1202 in
451 1164 676 1215 magistratu
719 1164 887 1202 amicam
936 1177 1055 1213 quam
1103 1162 1213 1202 domi
1260 1164 1390 1214 palam
1437 1163 1600 1202 haberet
1646 1164 1697 1202 de
1719 1179 1756 1212 15

366 1229 560 1268 machinis
581 1229 685 1268 emit.
746 1231 793 1267 In
815 1228 1004 1279 petitione
1027 1236 1160 1266 autem
1189 1230 1417 1266 consulatus
1438 1229 1698 1279 Cappadoces

368 1295 497 1334 omnis
527 1295 740 1345 compilare
770 1308 838 1344 per
865 1294 1129 1345 turpissimam
1156 1294 1393 1344 legationem
1423 1294 1559 1332 maluit
1579 1308 1699 1344 quam

329 1371 349 1403 9
369 1362 508 1399 adesse
528 1368 566 1399 et
587 1363 736 1411 populo
759 1363 944 1399 Romano
965 1359 1195 1410 supplicare.
1256 1361 1366 1398 Alter
1384 1372 1486 1406 vero,
1511 1359 1551 1398 di
1578 1360 1673 1398 boni
1691 1363 1697 1398 1

368 1439 448 1476 quo
465 1428 674 1476 splendore
691 1433 747 1464 est
762 1428 778 1466 ?
818 1425 993 1464 Primum
1007 1425 1212 1463 nobilitate
1225 1426 1364 1463 eadem
1381 1423 1478 1477 [qua
1494 1423 1694 1478 Catilina]

366 1492 475 1529 Num
497 1491 675 1529 maiore?
723 1493 826 1529 Non.
886 1492 964 1529 Sed
985 1490 1134 1528 virtute.
1195 1492 1327 1539 Quam
1348 1490 1401 1528 ob
1420 1492 1535 1528 rem?
1576 1491 1697 1539 Quod
1720 1504 1759 1526 20

365 1556 564 1594 Antonius
586 1557 766 1594 umbram
795 1569 905 1594 suam
936 1555 1086 1602 metuit,
1109 1555 1173 1593 hic
1197 1569 1247 1593 ne
1274 1557 1378 1605 leges
1399 1555 1561 1606 quidem
1582 1563 1696 1594 natus

364 1621 404 1659 in
428 1622 547 1672 patris
577 1630 759 1672 egestate,
786 1623 976 1660 educatus
1007 1621 1046 1659 in
1073 1620 1214 1660 sororis
1239 1621 1392 1671 stupris,
1423 1622 1697 1660 corroboratus

363 1685 403 1724 in
439 1688 559 1725 caede
597 1687 754 1734 civium,
794 1686 904 1725 cuius
943 1686 1090 1736 primus
1128 1687 1179 1724 ad
1217 1700 1298 1724 rem
1330 1686 1529 1736 publicam
1567 1686 1697 1726 aditus

363 1750 403 1788 in
444 1751 642 1801 equitibus
684 1753 731 1790 R.
773 1751 1003 1789 occidendis
1046 1750 1118 1789 fuit
1161 1750 1270 1801 (nam
1311 1750 1384 1789 illis
1425 1765 1524 1801 quos
1563 1752 1696 1790 memi-

364 1815 495 1854 nimus
525 1816 658 1863 Gallis,
685 1816 752 1865 qui
777 1824 860 1854 tum
889 1815 1126 1854 Titiniorum
1152 1830 1198 1854 ac
1223 1816 1471 1854 Nanniorum
1494 1830 1540 1854 ac
1567 1818 1697 1855 Tanu-
1715 1830 1751 1861 25

406 1931 427 1960 3
454 1921 537 1951 Nam
556 1920 673 1952 Lami).
693 1931 700 1950 :
736 1921 800 1951 iam
818 1920 906 1951 codd.
1054 1932 1072 1959 4
1097 1925 1194 1960 putet
1212 1922 1392 1959 oportere?
1418 1920 1548 1960 Kayser
1676 1932 1695 1960 5

362 1970 442 1995 sunt
467 1965 517 1994 F:
549 1964 617 1995 sint
641 1964 682 1994 H
851 1965 872 1993 6
895 1964 1066 1994 Antonius
1090 1968 1123 1994 et
1149 1965 1293 1995 Catilina
1317 1964 1357 1993 H
1374 1964 1468 1995 dela:
1504 1965 1539 1995 C.
1559 1969 1592 1995 et
1609 1965 1650 1996 A.
1668 1966 1704 1995 F

361 2018 449 2038 navo
468 2007 637 2038 Puteanus
653 2020 659 2038 ε
684 2018 771 2038 novo
788 2008 875 2038 codd.
1053 2018 1090 2038 12
1115 2018 1273 2037 verorum
1290 2008 1460 2038 Bri'hrens:
1485 2019 1565 2038 vero
1583 2008 1668 2040 codd.
1688 2021 1695 2040 t

360 2052 428 2082 secl.
450 2052 606 2081 BiIclzeler
740 2062 777 2089 14
801 2062 901 2090 quom
927 2051 1104 2081 Bsiclzeler:
1133 2062 1232 2090 quarn
1257 2051 1344 2082 codd.
1365 2055 1495 2091 praeter
1516 2050 1601 2092 Lag.
1631 2062 1694 2091 53:

361 2105 436 2125 cum
450 2095 566 2125 Lamb.
629 2094 714 2125 alios
727 2099 801 2124 ante
812 2096 855 2125 ad
868 2095 942 2125 add.
953 2093 1142 2135 lifesenherg
1231 2096 1270 2125 16
1287 2095 1506 2134 Cappadoces
1519 2095 1695 2126 Biiclzcler:

360 2139 574 2177 caupadoces
591 2138 661 2167 FH
675 2138 842 2177 (superscr.
863 2140 1052 2178 caupones}
1070 2150 1076 2168 :
1110 2149 1284 2177 caupones
1300 2137 1372 2169 dett.
1522 2149 1558 2177 17
1585 2139 1694 2168 omnis

361 2182 448 2212 codd.
470 2194 476 2212 :
504 2182 657 2212 homines
675 2182 797 2212 Miiller
947 2181 1194 2220 adlegationem
1213 2182 1291 2212 coni.
1312 2182 1415 2211 Orelli
1563 2192 1601 2221 19
1618 2186 1695 2221 post

362 2226 481 2255 cadem
507 2225 582 2255 add.
612 2226 686 2255 Non
712 2225 862 2255 Eussner
990 2236 1056 2264 qua
1081 2225 1227 2255 Catilina
1250 2225 1306 2255 del.
1334 2224 1454 2256 Laud).
1651 2237 1693 2256 20

364 2268 453 2298 Num
478 2270 601 2299 maiore
627 2271 684 2299 re?
709 2268 886 2299 Palermus
1000 2279 1038 2300 21
1066 2268 1238 2298 Antonius
1264 2268 1450 2298 Corrr'dus:
1475 2269 1607 2298 manius
1629 2268 1697 2298 FH

363 2322 402 2350 24
428 2312 461 2341 in
487 2312 653 2351 equitibus
677 2312 717 2341 Η
740 2313 836 2343 dett:
869 2323 933 2343 om.
954 2311 989 2342 F
1158 2311 1218 2351 R.]
1244 2321 1268 2342 r.
1299 2309 1387 2342 FH:
1423 2312 1586 2342 Romanis
1620 2311 1690 2342 dctt.

364 2364 404 2392 25
431 2355 640 2385 Nanniorum
657 2354 712 2385 H:
739 2366 936 2386 marinorum
955 2355 1004 2385 F:
1029 2355 1230 2385 Manliorum
1242 2354 1413 2385 Biiclleler:
1428 2356 1507 2394 sort.
1521 2355 1695 2385 Volumni-

364 2409 457 2429 orum
475 2399 562 2438 qnod
576 2399 658 2439 Lag.
678 2409 720 2437 50
737 2403 773 2429 ut
788 2399 851 2430 vid.
874 2399 922 2439 (cf.
942 2398 1141 2438 Buchelerp.
1164 2399 1215 2437 14)
1233 2398 1336 2439 kabel,
1356 2399 1392 2438 ‘f-
1409 2399 1529 2430 Ascon.
1546 2404 1580 2439 p.
1600 2400 1640 2438 84
