1871 2782
312 153 374 192 1.i
693 153 749 191 M.
782 153 951 190 TVLLI
983 153 1290 192 CICERONIS

284 273 308 300 2
327 263 441 302 vellet
461 264 622 302 salvum.
684 264 732 302 In
753 277 844 302 eum
864 271 996 303 autem
1016 265 1148 303 locum
1169 278 1250 303 rem
1277 264 1491 303 adductam
1511 263 1659 304 intelle-

325 327 379 377 git
400 326 473 379 (est
503 328 619 376 enim,
643 335 685 367 ut
715 329 800 376 scis,
830 329 992 368 minime
1021 329 1178 380 stultus)
1199 337 1241 367 ut
1270 329 1425 379 utrique
1449 329 1543 367 salvi
1574 343 1658 368 esse

326 405 405 430 non
427 392 587 442 possint.
650 395 789 444 Itaque
817 408 888 432 nos
916 396 1087 443 mavult;
1117 396 1167 433 de
1188 402 1226 432 te
1246 408 1337 432 vero
1357 393 1593 432 amicissime
1620 402 1658 432 et

325 457 497 507 loquitur
518 465 555 496 et
577 457 703 496 sentit.
766 460 857 507 Qua
876 473 916 497 re
937 458 968 496 si
989 459 1076 509 quis
1098 473 1209 497 secus
1230 460 1280 497 ad
1302 466 1340 496 te
1368 459 1418 496 de
1438 471 1486 496 eo
1507 458 1658 508 scripsit

326 529 392 560 aut
413 522 443 560 si
471 536 603 561 coram
632 525 786 562 locutus
816 531 884 567 est,
908 531 1000 574 peto
1027 538 1050 561 a
1074 531 1111 562 te
1139 524 1257 562 etiam
1283 532 1402 573 atque
1423 522 1541 561 etiam
1563 522 1659 560 mihi
1683 536 1694 542 ·

327 595 367 625 ut
394 587 524 637 potius
550 589 696 635 credas,
720 587 786 638 qui
811 596 848 626 et
878 588 1028 626 facilius
1057 588 1229 626 iudicare
1259 602 1421 638 possum
1446 600 1564 637 quam
1595 587 1659 625 ille

325 652 459 690 nescio
489 652 575 702 quis
606 661 643 691 et
674 660 711 691 te
741 654 827 702 plus
858 652 988 702 diligo.
1060 652 1247 691 Clodium
1277 652 1347 690 tibi
1376 651 1659 690 amicissimum

325 717 503 755 existima
523 718 729 767 civemque
750 719 868 756 talem
894 717 1018 767 qualis
1039 724 1077 755 et
1097 716 1425 767 prudentissimus
1446 724 1484 755 et
1504 718 1659 755 fortuna

326 782 475 832 optima
496 796 580 821 esse
601 783 731 821 debet.

368 927 418 961 II
655 930 724 962 Ser.
746 930 875 961 Romae
889 941 935 962 cx.
959 942 1002 961 m.
1024 929 1105 962 Illas.
1123 941 1154 961 a.
1178 940 1230 970 711
1251 931 1329 972 (45).

753 1007 928 1039 CICERO
954 1007 1113 1039 BRVTO
1140 1007 1237 1039 SAL.

291 1094 308 1121 1
383 1085 534 1136 Scripta
563 1092 601 1124 et
631 1084 836 1136 obsignata
865 1085 944 1123 iam
974 1085 1141 1135 epistula
1169 1085 1319 1124 litterae
1354 1084 1450 1122 mihi
1485 1083 1660 1124 redditae

328 1158 419 1189 sunt
456 1164 479 1188 a
516 1158 554 1189 te
592 1152 732 1201 plenae
770 1164 898 1189 rerum
945 1164 1148 1197 novarum,
1189 1149 1437 1200 maximeque
1485 1149 1661 1188 mirabile

331 1216 581 1254 Dolabellam
628 1215 803 1265 quinque
845 1215 1017 1253 cohortis
1066 1214 1217 1253 misisse
1264 1215 1305 1252 in
1354 1216 1657 1254 Chersonesum.

328 1282 496 1319 Adeone
524 1279 647 1331 copiis
668 1281 844 1318 abundat
873 1288 916 1318 ut
946 1280 976 1318 is
1005 1280 1072 1330 qui
1101 1294 1148 1318 ex
1177 1279 1272 1317 Asia
1295 1281 1428 1330 fugere
1457 1279 1661 1318 dicebatur

330 1347 530 1395 Europam
564 1352 749 1395 appetere
780 1346 975 1383 conetur?
1043 1344 1231 1394 Quinque
1265 1352 1398 1383 autem
1432 1344 1661 1383 cohortibus

329 1411 519 1461 quidnam
546 1424 588 1448 se
614 1412 807 1448 facturum
831 1410 1037 1448 arbitratus
1064 1418 1133 1458 est,
1156 1424 1247 1448 cum
1273 1418 1315 1448 tu
1342 1414 1461 1452 †eo†
1487 1410 1662 1460 quinque

328 1476 513 1527 legiones,
554 1475 749 1526 optimum
796 1476 1026 1526 equitatum,
1067 1475 1237 1514 maxima
1278 1475 1420 1513 auxilia
1466 1476 1663 1514 haberes?

332 1544 442 1591 Quas
473 1541 633 1591 quidem
664 1541 835 1579 cohortis
861 1555 974 1591 spero
1000 1541 1079 1579 iam
1103 1549 1189 1579 tuas
1219 1554 1314 1588 esse,
1347 1540 1535 1591 quoniam
1565 1542 1662 1579 latro

287 1617 311 1645 2
332 1606 396 1645 ille
426 1614 505 1644 tam
536 1606 606 1644 fuit
636 1607 810 1645 demens.
870 1608 1003 1644 Tuum
1033 1606 1240 1645 consilium
1261 1608 1515 1645 vehementer
1543 1607 1663 1644 laudo

331 1674 440 1722 quod
461 1685 541 1709 non
562 1671 667 1722 prius
688 1671 899 1710 exercitum
921 1671 1134 1722 Apollonia
1161 1671 1486 1722 Dyrrhachioque
1507 1671 1664 1709 movisti

331 1751 447 1787 quam
471 1738 521 1775 de
535 1736 684 1774 Antoni
701 1739 790 1787 fuga
805 1737 960 1783 audisti,
977 1737 1086 1776 Bruti
1103 1737 1318 1788 eruptione,
1337 1737 1473 1787 populi
1491 1736 1664 1775 Romani

330 1802 502 1840 victoria.
574 1804 714 1852 Itaque
744 1804 853 1852 quod
883 1803 1018 1841 scribis
1048 1810 1137 1853 post
1169 1817 1215 1841 ea
1245 1802 1425 1841 statuisse
1453 1810 1490 1841 te
1520 1804 1663 1841 ducere

332 1868 545 1907 exercitum
584 1867 624 1905 in
664 1869 957 1906 Chersonesum
997 1881 1070 1906 nec
1108 1867 1189 1918 pati
1227 1868 1526 1906 sceleratissimo
1560 1867 1663 1906 hosti

332 1933 504 1972 ludibrio
524 1946 609 1971 esse
630 1932 837 1982 imperium
854 1933 989 1983 populi
1007 1933 1190 1981 Romani,
1206 1933 1301 1971 facis
1322 1948 1368 1972 ex
1388 1941 1454 1972 tua
1475 1933 1663 1983 dignitate

291 2010 316 2048 3
334 2007 371 2037 et
392 2014 438 2037 ex
458 2012 498 2037 re
519 1998 686 2048 publica.
747 1999 868 2046 Quod
895 1998 1030 2036 scribis
1060 2000 1111 2037 de
1140 1998 1333 2037 seditione
1358 2013 1458 2049 quae
1486 2000 1586 2037 facta
1607 2006 1664 2036 est

334 2065 373 2102 in
394 2064 547 2114 legione
568 2071 705 2114 quarta
725 2064 880 2102 decima
895 2065 1030 2102 fraude
1045 2065 1089 2103 C.
1105 2064 1255 2103 Antoni
1273 2064 1330 2114 (in
1345 2065 1491 2102 bonam
1513 2071 1662 2113 partem

331 2128 530 2180 accipies),
540 2129 661 2179 magis
676 2128 770 2166 mihi
785 2130 971 2179 probatur
982 2129 1150 2167 militum
1164 2129 1346 2167 severitas
1361 2143 1478 2178 quam
1493 2136 1571 2166 tua.
1583 2143 1600 2164 21<
1613 2144 1630 2163 *
1644 2142 1660 2161 νε

378 2246 415 2274 13
440 2235 591 2266 mirabile
609 2240 660 2265 est
680 2235 781 2265 Orelli
881 2245 916 2274 17
942 2235 1000 2274 co]
1020 2246 1059 2265 eo
1078 2235 1151 2265 loco
1169 2235 1375 2274 ll'esenbcrg:
1402 2240 1511 2265 tecum
1525 2234 1661 2267 ,Mt'illcr1

331 2279 390 2310 del.
415 2279 501 2310 Crat.
522 2279 642 2309 Gm'lz'll
757 2289 798 2317 23
822 2284 900 2318 post
917 2290 956 2309 ea
977 2278 1114 2308 Gantcr:
1141 2284 1259 2317 postea
1276 2279 1363 2318 vulg.
1479 2289 1518 2317 27
1543 2283 1663 2317 quarta

332 2323 461 2352 decima
487 2323 601 2352 fraude
627 2322 664 2353 C.
686 2321 816 2352 Antoni
843 2322 1001 2362 filadwg:
1027 2327 1144 2361 quarta
1169 2323 1209 2351 dc
1233 2321 1385 2351 Catoniis
1403 2321 1517 2352 codd:
1543 2327 1662 2361 quarta

333 2366 462 2396 decima
478 2366 606 2396 Antoni
625 2377 725 2396 causa
746 2365 866 2396 Gurlitt
998 2368 1040 2396 28
1064 2371 1118 2395 tua
1136 2365 1314 2395 clementia
1335 2363 1522 2406 I‘Vcscnlm’g
