1871 2782
307 162 391 205 938
716 154 764 202 Q.
797 154 966 191 TVLLI
998 153 1306 192 CICERONIS

278 431 318 462 39

272 999 315 1029 40

281 1884 316 1910 11

274 1943 313 1973 41

339 264 591 312 obtinuerint,
624 277 698 303 nec
730 264 838 304 aliud
867 265 991 303 ullum
1026 271 1181 315 tempus
1213 265 1387 303 futurum
1422 263 1470 302 sit
1498 264 1567 303 ubi
1601 264 1672 303 tibi

338 332 477 369 referre
500 329 662 380 gratiam
690 329 852 380 possint,
876 331 952 368 hoc
977 337 1014 368 te
1039 330 1168 368 officio
1195 338 1502 368 remunerentur.

393 397 444 433 Et
473 394 662 445 quoniam
689 394 729 433 in
756 394 972 433 amicorum
1000 394 1139 433 studiis
1166 396 1263 433 haec
1291 394 1419 433 omnis
1444 394 1568 434 oratio
1592 410 1672 434 ver-

337 468 452 508 satur,
469 460 536 510 qui
557 462 666 499 locus
687 460 726 498 in
743 461 820 499 hoc
835 474 976 510 genere
997 462 1196 499 cavendus
1218 460 1265 499 sit
1278 460 1670 510 praetermittendum

336 540 418 564 non
447 526 610 565 videtur.
672 526 835 564 Fraudis
864 533 983 576 atque
1013 525 1243 564 insidiarum
1273 533 1312 564 et
1337 525 1526 575 perfidiae
1555 528 1672 577 plena
1695 540 1707 548 ’

336 599 426 630 sunt
447 591 590 630 omnia.
651 593 744 630 Non
771 599 829 630 est
853 591 968 629 huius
996 590 1183 642 temporis
1210 598 1400 641 perpetua
1426 590 1490 629 illa
1517 592 1567 629 de
1594 592 1671 630 hoe

334 670 476 706 genere
516 656 742 707 disputatio,
784 655 927 705 quibus
971 656 1087 694 rebus
1130 656 1346 694 benevolus
1389 663 1427 694 et
1469 655 1672 695 simulator

335 721 541 760 diiudicari
579 721 727 771 possit,
775 728 927 758 tantum
967 727 1025 758 est
1063 719 1179 758 huius
1217 720 1405 770 temporis
1442 722 1668 760 admonere.

335 787 498 824 Summa
525 793 590 823 tua
611 785 729 823 virtus
757 786 919 823 eosdem
947 784 1129 823 homines
1157 792 1195 823 et
1215 784 1397 824 simulare
1424 785 1495 824 tibi
1519 800 1560 825 se
1585 800 1671 825 esse

333 850 483 889 amicos
507 857 545 888 et
566 849 739 888 invidere
760 849 898 900 coegit.
961 851 1093 898 Quam
1115 850 1168 888 ob
1188 863 1270 888 rem
1290 849 1553 902 Ἐπιχάρμειον
1572 850 1669 890 illud

334 922 479 963 teneto,
503 929 642 954 nervos
669 922 788 964 atque
816 922 922 952 artus
952 928 1038 953 esse
1067 914 1282 965 sapientiae
1312 929 1393 953 non
1420 923 1567 955 temere
1593 930 1670 955 cre-

334 981 437 1027 dere,
470 988 518 1027 et,
553 994 645 1018 cum
679 987 836 1018 tuorum
870 978 1089 1018 amicorum
1128 979 1258 1018 studia
1291 980 1551 1028 constitueris,
1585 988 1670 1020 tum

333 1045 452 1084 etiam
472 1045 779 1084 obtrectatorum
804 1051 923 1094 atque
947 1044 1257 1083 adversariorum
1280 1045 1450 1084 rationes
1471 1054 1509 1085 et
1529 1059 1671 1096 genera

333 1109 573 1160 cognoscito.
634 1111 749 1148 Haec
784 1109 855 1147 tria
886 1116 988 1156 sunt,
1020 1123 1144 1147 unum
1176 1123 1276 1159 quos
1315 1109 1471 1158 laesisti,
1505 1112 1670 1149 alterum

335 1175 403 1225 qui
424 1174 508 1213 sine
532 1188 650 1213 causa
674 1188 755 1213 non
781 1182 925 1221 amant,
956 1174 1112 1212 tertium
1138 1174 1205 1224 qui
1233 1175 1536 1225 competitorum
1558 1177 1672 1215 valde

333 1238 459 1278 amici'
479 1247 580 1278 sunt.
641 1240 753 1288 Quos
784 1238 939 1286 laesisti,
970 1253 1060 1277 cum
1093 1247 1229 1277 contra
1261 1253 1328 1278 eos
1358 1253 1428 1290 pro
1457 1240 1587 1279 amico
1617 1240 1673 1280 di-

334 1318 452 1351 ceres,
476 1304 521 1343 iis
545 1312 583 1343 te
604 1306 719 1354 plane
746 1311 920 1354 purgato,
945 1303 1256 1342 necessitudines
1286 1313 1608 1352 commemorato,
1631 1305 1671 1344 in

335 1383 445 1420 spem
472 1369 661 1408 adducito
688 1377 726 1408 te
753 1369 793 1406 in
822 1383 958 1408 eorum
989 1370 1116 1416 rebus,
1140 1369 1171 1407 si
1199 1383 1240 1408 se
1267 1369 1306 1407 in
1330 1369 1542 1408 amicitiam
1564 1376 1671 1408 tetam

335 1434 582 1482 contulerint,
615 1434 697 1485 pari
732 1434 863 1474 studio
901 1442 1020 1484 atque
1060 1434 1190 1473 officio
1228 1436 1413 1473 futurum.
1476 1435 1556 1485 Qui
1587 1436 1671 1475 sine

335 1513 452 1539 causa
472 1514 553 1539 non
579 1508 723 1548 amant,
748 1514 815 1539 eos
843 1508 910 1539 aut
930 1500 1126 1539 beneficio
1147 1508 1214 1539 aut
1234 1514 1303 1551 spe
1323 1508 1390 1539 aut
1411 1500 1671 1551 significando

334 1573 403 1603 tuo
430 1579 519 1615 erga
546 1566 632 1605 illos
659 1565 791 1604 studio
816 1566 909 1604 dato
937 1579 1097 1616 operam
1119 1573 1160 1604 ut
1181 1567 1231 1605 de
1252 1565 1317 1604 illa
1340 1565 1461 1604 animi
1482 1566 1671 1616 pravitate

335 1632 519 1669 deducas.
580 1632 760 1680 Quorum
795 1632 976 1669 voluntas
1011 1630 1082 1669 erit
1115 1631 1186 1669 abs
1221 1638 1258 1669 te
1290 1638 1450 1681 propter
1484 1631 1671 1681 competi-

335 1703 463 1734 torum
491 1695 681 1734 amicitias
707 1695 880 1743 alienior,
904 1695 949 1734 iis
972 1710 1132 1746 quoque
1153 1697 1293 1734 eadem
1314 1695 1499 1734 inservito
1520 1696 1670 1735 ratione

335 1774 413 1811 qua
440 1760 704 1810 superioribus
732 1769 780 1809 et,
804 1761 835 1799 si
859 1762 1025 1812 probare
1047 1761 1203 1811 poteris,
1228 1769 1265 1800 te
1286 1761 1325 1799 in
1347 1775 1414 1800 eos
1438 1761 1544 1811 ipsos
1565 1775 1670 1800 com-

335 1825 521 1876 petitores
543 1833 630 1864 tuos
653 1827 848 1865 benevolo
870 1840 955 1865 esse
975 1826 1109 1865 animo
1131 1826 1341 1865 ostendito.

391 1890 591 1939 Quoniam
630 1892 680 1929 de
718 1891 898 1929 amicitiis
947 1891 1234 1930 constituendis
1275 1891 1366 1930 satis
1405 1891 1556 1930 dictum
1597 1899 1665 1940 est,

336 1955 550 1994 dicendum
581 1964 638 1995 est
668 1958 717 1996 de
748 1957 812 1996 illa
841 1959 962 1996 altera
992 1964 1100 2007 parte
1131 1956 1330 2007 petitionis
1352 1971 1452 2007 quae
1480 1957 1519 1995 in
1546 1971 1668 2008 popu-

334 2021 402 2059 lari
424 2021 572 2060 ratione
593 2030 775 2061 versatur.
838 2025 896 2061 Ea
912 2022 1108 2061 desiderat
1125 2022 1497 2069 nomenclationem,
1516 2022 1667 2061 blandi-

334 2086 442 2135 tiam,
479 2087 769 2135 adsiduitatem,
805 2088 1100 2138 benignitatem,
1141 2101 1349 2134 rumorem,
1391 2101 1501 2137 spem
1540 2087 1580 2125 in
1626 2101 1665 2126 re

381 2202 394 2221 1
422 2192 631 2223 obtinuerint
649 2192 788 2223 sssiillcr:
815 2198 928 2223 -erunt
946 2192 1032 2223 codd.
1112 2193 1257 2223 futurum
1280 2193 1323 2222 sit
1346 2191 1431 2222 codd.
1451 2203 1457 2222 ε
1481 2192 1664 2222 futurumst

334 2234 487 2266 Bt'c'rlteler
585 2236 639 2266 ubi
658 2236 698 2265 H
711 2236 784 2268 dett.
801 2247 808 2267 :
832 2241 868 2266 ut
886 2236 919 2266 F
1046 2247 1064 2274 3
1090 2236 1195 2266 oratio
1213 2235 1253 2265 H
1265 2236 1335 2266 dest.
1356 2234 1480 2265 lllic'ller
1492 2235 1663 2265 Br'ihrcns:

335 2279 419 2309 ratio
437 2280 563 2320 Fvulg.
585 2280 741 2310 Bt'c'clzeler
880 2291 899 2318 4
923 2280 966 2310 sit
983 2278 1023 2308 H
1036 2280 1107 2311 dell.
1127 2291 1134 2310 z
1162 2284 1212 2309 est
1230 2279 1430 2309 FBiiclzelcr
1514 2284 1661 2318 praeter-

334 2323 530 2353 mittendum
550 2324 635 2354 codd.
655 2336 661 2354 :
686 2325 761 2354 -dus
779 2323 936 2354 Bucltcler
1070 2334 1106 2361 14
1133 2332 1236 2353 unum
1253 2322 1328 2353 add.
1348 2322 1420 2353 dett.
1561 2333 1597 2360 17
1624 2323 1662 2352 iis

334 2370 366 2395 te
392 2367 466 2398 add.
497 2367 569 2398 dell.
724 2369 761 2397 18
788 2372 875 2397 tuam
905 2366 979 2397 add.
1012 2366 1135 2396 Mtssiller
1278 2375 1319 2404 23
1344 2366 1503 2396 inservito
1532 2365 1662 2397 ratione

337 2410 503 2440 Turnebus
518 2423 524 2441 ι
549 2412 673 2441 inservi
691 2412 843 2442 oratioue
861 2410 930 2441 ΓΗ

1691 549 1708 571 ³

1692 865 1731 888 10

1694 1187 1730 1220 15

1694 1512 1732 1534 20
