1871 2782
257 134 288 172 1.
305 132 337 171 ii
653 133 709 169 M.
741 132 909 169 TVLLI
941 132 1247 171 CICERONIS

287 256 401 294 spero
421 244 502 282 fore
523 242 662 282 studiis
682 256 763 281 non
785 244 912 282 solum
932 242 1149 282 amicorum
1171 242 1241 281 sed
1257 240 1375 281 etiam
1395 241 1612 280 alienorum

287 315 330 347 ut
359 308 397 346 vi
428 308 662 347 resistamus.
724 309 876 348 Omnes
910 314 948 347 et
982 320 1022 347 se
1057 315 1095 347 et
1129 321 1221 346 suos
1250 306 1410 354 amicos,
1447 306 1611 353 clientis,

287 373 458 421 libertos,
482 387 623 420 servos,
646 371 834 424 pecunias
855 373 1028 423 denique
1048 387 1137 411 suas
1164 372 1410 424 pollicentur.
1469 373 1614 410 Nostra

286 437 448 488 antiqua
477 451 618 476 manus
647 438 843 477 bonorum
870 439 980 476 ardet
1007 437 1138 477 studio
1169 436 1290 476 nostri
1319 444 1438 487 atque
1467 450 1610 476 amore.

288 502 327 541 Si
352 502 419 553 qui
449 511 565 542 antea
590 509 658 541 aut
687 502 892 541 alieniores
922 504 1074 541 fuerant
1104 509 1171 540 aut
1201 501 1475 552 languidiores,
1507 515 1614 539 nunc

288 569 428 606 horum
455 581 590 618 regum
621 567 715 607 odio
744 581 785 606 se
815 581 904 606 cum
937 567 1052 606 bonis
1084 567 1339 617 coniungunt.
1401 566 1614 617 Pompeius

288 632 421 671 omnia
444 632 650 683 pollicetur
679 639 717 671 et
742 633 909 679 Caesar3
939 631 1083 681 quibus
1113 645 1186 681 ego
1215 631 1268 669 ita
1297 632 1417 669 credo
1446 638 1489 670 ut
1518 631 1615 669 nihil

288 699 338 737 de
369 711 457 736 mea
489 697 785 748 comparatione
819 695 1058 735 deminuam.
1130 695 1297 733 Tribuni
1335 697 1386 745 pl.
1423 694 1615 747 designati

288 770 378 801 sunt
398 762 513 801 nobis
532 760 648 800 amici
663 776 673 810 3
703 763 885 800 consules
913 774 953 799 se
981 760 1130 811 optime
1150 761 1365 799 ostendunt
1380 775 1389 809 3
1419 769 1615 811 praetores

287 827 479 865 habemus
507 826 767 865 amicissimos
796 834 834 863 et
865 825 1075 864 acerrimos
1103 824 1209 872 civis,
1244 825 1478 873 Domitium,
1510 826 1616 877 Nigi-

287 891 407 938 dium,
433 889 680 936 Memmium,
706 891 947 937 Lentulum3
986 890 1114 928 bonos
1135 889 1254 928 etiam
1281 890 1378 929 alios
1399 890 1612 941 singularis.

286 956 378 1004 Qua
404 968 443 993 re
468 968 655 1005 magnum
682 955 742 992 fac
768 953 945 992 animum
972 954 1120 992 habeas
1140 961 1178 992 et
1203 968 1313 1004 spem
1334 955 1492 993 bonam.
1554 957 1616 994 De

287 1020 447 1069 singulis
469 1027 601 1057 tamen
626 1019 742 1058 rebus
763 1031 864 1068 quae
884 1017 1031 1057 cotidie
1056 1025 1239 1069 gerantur
1259 1018 1400 1058 faciam
1421 1026 1459 1059 te
1480 1020 1616 1059 crebro

287 1084 502 1123 certiorem.

329 1202 403 1236 III
586 1204 656 1237 Ser.
683 1204 923 1237 Thessalonicae
938 1204 986 1237 Id.
1007 1205 1084 1237 Iun.
1106 1216 1135 1238 a.
1155 1207 1219 1247 696
1238 1206 1316 1248 (58).

537 1282 726 1315 MARCVS
752 1282 931 1322 QVINTO
956 1283 1131 1314 FRATRI
1158 1282 1385 1314 SALVTEM.

251 1370 268 1396 1
349 1359 408 1398 Mi
435 1361 559 1407 frater,
585 1360 639 1398 mi
663 1361 786 1407 frater,
810 1359 864 1398 mi
887 1362 1011 1407 frater,
1041 1367 1136 1399 tune
1163 1360 1204 1399 id
1229 1360 1373 1400 veritus
1398 1375 1439 1400 es
1468 1374 1519 1400 ne
1545 1375 1618 1411 ego

291 1424 493 1464 iracundia
513 1426 643 1476 aliqua
669 1426 864 1464 adductus
888 1439 1030 1476 pueros
1050 1427 1101 1464 ad
1122 1432 1160 1464 te
1181 1425 1264 1465 sine
1284 1424 1420 1465 litteris
1444 1425 1617 1465 miserim

288 1499 355 1529 aut
384 1490 502 1529 etiam
529 1504 579 1529 ne
606 1498 644 1529 te
667 1490 799 1529 videre
825 1489 1049 1530 noluerim?
1106 1493 1192 1542 Ego
1221 1490 1293 1530 tibi
1322 1490 1514 1539 irascerer,
1547 1490 1618 1530 tibi

289 1570 362 1606 ego
391 1569 548 1606 possem
578 1554 723 1594 irasci?
779 1555 945 1603 Scilicet,
968 1563 1010 1594 tu
1037 1555 1144 1594 enim
1169 1569 1233 1595 me
1255 1555 1450 1603 adfflixisti,
1473 1555 1530 1595 tui
1554 1570 1618 1595 me

289 1620 446 1668 inimici,
471 1628 537 1659 tua
557 1634 621 1659 me
641 1620 788 1659 invidia
806 1635 851 1660 ac
872 1634 953 1659 non
974 1634 1047 1671 ego
1067 1628 1105 1659 te
1125 1620 1265 1660 misere
1285 1620 1448 1672 perdidi.
1501 1623 1618 1660 Meus

287 1686 351 1724 ille
380 1687 561 1725 laudatus
591 1687 817 1725 consulatus
847 1686 943 1724 mihi
972 1694 1020 1733 te,
1048 1686 1202 1734 liberos,
1231 1684 1406 1737 patriam,
1430 1688 1616 1735 fortunas,

288 1750 360 1789 tibi
379 1751 497 1790 velim
526 1765 576 1790 ne
606 1751 702 1802 quid
727 1751 909 1802 eripuerit
938 1759 1089 1802 praeter
1118 1766 1241 1791 unum
1272 1766 1346 1791 me.
1406 1754 1484 1791 Sed
1515 1761 1618 1791 certe

286 1830 309 1854 a
343 1824 381 1854 te
415 1815 511 1854 mihi
546 1816 680 1855 omnia
715 1830 869 1867 semper
900 1817 1067 1856 honesta
1101 1825 1139 1856 et
1173 1815 1346 1856 iucunda
1377 1818 1614 1865 ceciderunt,

286 1895 309 1919 a
336 1895 399 1920 me
423 1881 494 1920 tibi
518 1883 647 1920 luctus
672 1895 784 1921 meae
809 1881 1052 1929 calamitatis,
1080 1890 1208 1921 metus
1234 1890 1333 1930 tuae,
1364 1883 1615 1932 desiderium,

287 1960 448 1994 maeror,
485 1946 668 1986 solitudo.
729 1949 815 1997 Ego
849 1955 887 1986 te
922 1947 1054 1986 videre
1084 1947 1308 1986 noluerim?
1366 1950 1496 1988 Immo
1527 1963 1619 1989 vero

288 2025 351 2050 me
379 2025 403 2050 a
431 2019 469 2050 te
497 2012 619 2051 videri
648 2013 767 2052 nolui.
838 2015 932 2052 Non
970 2014 1076 2053 enim
1108 2014 1271 2053 vidisses
1306 2017 1462 2054 fratrem
1493 2023 1615 2063 tuum,

288 2090 368 2115 non
407 2091 498 2116 eum
536 2091 655 2128 quem
703 2079 923 2129 reliqueras,
957 2093 1039 2118 non
1077 2093 1168 2118 eum
1213 2094 1332 2130 quem
1371 2095 1496 2129 noras,
1538 2095 1618 2120 non

288 2155 379 2180 eum
407 2156 525 2192 quem
555 2145 652 2182 flens
682 2145 853 2192 flentem,
876 2153 1181 2196 prosequentem
1208 2146 1460 2196 proficiscens
1487 2146 1619 2186 dimis-

1639 837 1676 860 10

1639 1218 1676 1251 15

1640 1572 1678 1593 20

1640 1897 1676 1929 ²5

291 2220 384 2253 craS,
408 2221 458 2246 ne
487 2208 692 2258 vestigium
724 2210 884 2260 quidem
911 2210 994 2249 eius
1022 2225 1095 2249 nec
1122 2210 1372 2249 simulacrum
1399 2212 1468 2250 sed
1499 2225 1618 2261 quan·
1637 2221 1680 2253 30

334 2322 355 2349 9
378 2312 521 2350 optimos
552 2311 741 2353 Wesenberg
926 2325 964 2345 10
988 2314 1169 2345 acerrimos
1195 2312 1268 2345 M2:
1306 2314 1538 2346 acerbissimos
1565 2314 1617 2344 Ml

296 2364 306 2383 1
318 2363 329 2383 1
357 2354 437 2384 alios
454 2357 513 2386 scd
532 2356 592 2386 hos
609 2357 792 2395 singularis
809 2357 828 2387 I
965 2369 1004 2396 24
1031 2358 1223 2388 ceciderunt
1241 2356 1283 2386 M
1296 2356 1348 2395 (de
1363 2358 1521 2397 iucundis,
1542 2358 1612 2390 Au.

290 2397 372 2470 idi4i>t1
385 2408 397 2446 J
427 2397 515 2430 Caes.
535 2399 574 2431 B.
595 2400 628 2431 C.
649 2400 690 2432 iii.
711 2411 759 2440 73.
777 2402 807 2439 4‘
825 2413 830 2431 :
865 2402 1057 2432 acciderunt
1083 2399 1192 2430 Lamb
1224 2400 1361 2441 (marg.J
1390 2400 1529 2442 Madvzjg
1549 2402 1615 2433 coll.

356 2464 363 2471 .
384 2451 401 2470 1.
423 2450 451 2479 5.
476 2452 487 2471 1
