1871 2782
308 163 332 200 8
354 178 392 209 32
718 162 765 209 Q.
797 162 964 198 TVLLI
996 161 1302 200 CICERONIS

335 286 403 311 cus
420 272 537 310 etiam
553 273 682 311 bonus
699 285 784 310 esse
805 272 970 311 videare.
1031 274 1093 311 Ita
1112 287 1203 311 curn
1224 279 1262 311 et
1282 274 1355 311 hos
1376 271 1495 322 ipsos,
1511 279 1668 323 propter

335 351 444 376 suam
475 337 733 375 ambitionem
763 337 830 387 qui
859 339 965 387 apud
999 337 1149 376 tribulis
1180 351 1271 377 suos
1305 337 1516 388 plurimum
1547 338 1668 388 gratia

334 409 512 453 possunt,
542 401 739 440 studiosos
763 402 803 439 in
831 401 1014 440 centuriis
1042 401 1206 440 habebis
1231 410 1269 440 et
1296 409 1445 440 ceteros
1470 401 1537 451 qui
1560 403 1667 452 apud

335 466 506 516 aliquam
520 473 671 516 partem
687 466 886 505 tribulium
908 474 1065 516 propter
1085 465 1274 516 municipi
1293 473 1360 504 aut
1373 465 1581 504 vicinitatis
1600 473 1667 503 aut

336 531 489 580 conlegi
503 530 694 569 rationem
708 532 837 569 valent
851 531 1016 581 cupidos
1033 530 1089 568 tui
1105 530 1363 577 constitueris,
1380 530 1419 568 in
1434 529 1583 580 optima
1598 543 1666 580 spe

274 607 316 641 33
336 609 421 634 esse
450 596 624 634 debebis.
686 598 771 634 Iam
801 596 979 646 equitum
1008 595 1206 634 centuriae
1236 597 1361 633 multo
1391 595 1541 633 facilius
1571 594 1666 632 mihi

335 660 536 712 diligentia
556 675 673 711 posse
697 661 819 699 teneri
846 661 1036 699 videntur.
1098 660 1273 698 Primum
1298 673 1494 709 cognosce
1515 659 1665 709 equites

334 725 465 777 (pauci
496 725 602 764 enirn
630 724 750 776 sunt),
774 725 919 764 deinde
947 732 1091 775 appete
1119 723 1263 775 (multo
1293 724 1397 762 enirn
1429 723 1579 762 facilius
1600 723 1665 761 illa

331 792 717 830 adulescentulorum
747 792 797 829 ad
827 790 1039 828 amicitiam
1069 798 1176 829 aetas
1205 789 1445 840 adiungitur)
1460 804 1471 837 3
1518 789 1663 828 deinde

331 856 453 894 habes
475 864 604 894 tecum
626 869 672 894 ex
701 855 903 894 iuventute
927 855 1122 905 optimum
1152 867 1352 905 quemque
1373 862 1411 893 et
1431 854 1664 893 studiosissi-

331 935 441 959 mum
462 920 715 959 humanitatis
733 935 742 968 3
772 928 855 958 turn
876 928 1019 968 autem,
1039 922 1147 970 quod
1164 929 1344 970 equester
1364 921 1461 958 ordo
1482 927 1571 958 tuus
1593 927 1660 967 est,

332 994 545 1036 sequentur
571 986 625 1024 illi
649 985 921 1024 auctoritatem
949 985 1107 1033 ordinis,
1135 985 1165 1024 si
1189 986 1260 1024 abs
1285 993 1323 1024 te
1347 984 1600 1024 adhibebitur
1619 999 1665 1024 ea

333 1050 535 1100 diligentia
561 1059 602 1089 ut
633 1065 713 1089 non
739 1050 886 1089 ordinis
917 1052 1045 1089 solum
1070 1052 1272 1089 voluntate
1301 1052 1372 1089 sed
1396 1050 1514 1089 etiarn
1539 1050 1666 1101 singu-

334 1117 462 1154 lorum
500 1116 681 1154 amicitiis
716 1130 780 1154 eas
820 1115 1014 1154 centurias
1053 1117 1304 1154 confirmatas
1342 1116 1498 1154 habeas.
1579 1117 1664 1154 Iam

336 1181 465 1219 studia
498 1183 885 1220 adulescentulorum
924 1181 964 1218 in
1003 1183 1265 1231 suffragando,
1306 1181 1346 1219 in
1385 1182 1584 1229 obeundo,
1624 1181 1665 1219 in

336 1246 567 1293 nuntiando,
586 1246 626 1284 in
646 1247 890 1285 adsectando
911 1246 1073 1284 mirifice
1094 1254 1132 1284 et
1153 1260 1295 1296 magna
1315 1254 1352 1285 et
1373 1249 1541 1285 honesta
1561 1254 1661 1284 sunt.

274 1289 317 1380 33
392 1314 452 1359 Et,
485 1311 673 1362 quoniam
704 1311 982 1350 adsectationis
1018 1311 1167 1349 mentio
1200 1313 1302 1349 facta
1333 1320 1402 1359 est,
1434 1311 1474 1350 id
1506 1326 1664 1362 quoque

335 1379 553 1415 curandum
585 1384 642 1415 est
673 1384 715 1414 ut
746 1376 944 1415 cotidiana
975 1376 1166 1426 cuiusque
1199 1376 1350 1426 generis
1382 1384 1420 1414 et
1449 1376 1597 1415 ordinis
1627 1384 1665 1415 et

332 1442 469 1480 aetatis
491 1449 608 1480 utare.
669 1443 772 1480 Nam
794 1455 839 1480 ex
860 1455 905 1479 ea
934 1441 1018 1491 ipsa
1044 1441 1160 1491 copia
1179 1440 1405 1480 coniectura
1424 1441 1506 1480 fieri
1522 1441 1664 1491 poterit

334 1515 525 1557 quantum
555 1507 606 1544 sis
633 1506 672 1544 in
697 1506 783 1557 ipso
813 1520 954 1556 campo
980 1506 1120 1545 virium
1149 1520 1196 1545 ac
1226 1506 1419 1545 facultatis
1446 1506 1659 1545 habiturus.

336 1572 467 1610 Huius
501 1580 633 1610 autern
667 1571 721 1610 rei
755 1579 830 1609 tres
862 1579 990 1622 partes
1024 1579 1125 1619 sunt,
1157 1586 1235 1610 una
1266 1573 1522 1610 salutatorum
1555 1571 1663 1625 [cum

335 1639 499 1676 domurn
533 1636 723 1689 veniunt]‚
757 1638 877 1675 altera
907 1638 1182 1684 deductorum,
1215 1637 1327 1675 tertia
1359 1638 1661 1676 adsectatorum.

299 1716 307 1723 ·
336 1704 383 1740 In
418 1702 704 1749 salutatoribus,
737 1702 803 1751 qui
835 1702 957 1752 magis
986 1704 1162 1751 vulgares
1197 1710 1287 1740 sunt
1326 1710 1363 1740 et
1394 1704 1468 1741 hac
1502 1717 1665 1742 consuc-

333 1767 469 1805 tudine
500 1780 600 1817 quae
631 1779 736 1805 nunc
766 1775 824 1805 est
853 1769 982 1817 plures
1011 1767 1185 1815 veniunt,
1218 1770 1294 1806 hoc
1325 1767 1575 1807 efficiendum
1606 1777 1663 1808 est

331 1840 373 1870 ut
405 1833 480 1870 hoc
510 1832 638 1881 ipsum
674 1832 882 1870 minimum
921 1832 1093 1870 officium
1132 1846 1268 1871 eorum
1300 1832 1370 1871 tibi
1401 1833 1662 1883 gratissimum

331 1911 416 1935 esse
454 1897 640 1935 videatur.
703 1897 782 1945 Qui
821 1899 984 1936 domurn
1025 1905 1133 1935 tuam
1167 1898 1336 1945 venient,
1374 1898 1592 1947 significato
1626 1907 1664 1938 te

330 1962 664 2009 animadvertere3
694 1976 830 2000 eorum
854 1962 989 2000 amicis
1017 1962 1084 2012 qui
1105 1962 1178 2001 illis
1200 1963 1424 2001 renuntient
1451 1965 1660 2011 ostendito,

380 2054 391 2073 1
418 2044 570 2074 videaris.
606 2043 648 2074 Et
665 2043 822 2082 quoniam
843 2043 924 2084 (vide
940 2044 1017 2076 adn.
1038 2044 1115 2081 ad§
1135 2045 1189 2077 215
1208 2043 1359 2074 Balzrens
1479 2056 1498 2084 3
1524 2051 1665 2085 possunt

331 2086 450 2117 Lamb.
468 2098 474 2116 ε
501 2088 631 2126 possint
647 2087 734 2119 codd.
889 2099 908 2126 4
934 2089 1090 2118 tribulum
1108 2088 1178 2117 FH
1191 2088 1346 2118 Bz'c'clzelcr
1484 2090 1664 2120 vicinitatis

339 2131 523 2162 Turnebus:
551 2132 694 2161 civitatis
710 2130 796 2162 codd.
896 2133 917 2161 6
943 2132 1027 2162 Nam
1050 2132 1239 2171 lVesenberg
1326 2141 1355 2171 7,
1369 2132 1388 2161 8
1414 2143 1584 2170 cognosce
1599 2156 1605 2163 .
1626 2157 1633 2163 .
1653 2157 1660 2164 .

333 2179 457 2213 appete
477 2174 594 2205 Orelli:
619 2175 662 2204 -ci
676 2198 682 2205 .
699 2198 706 2205 .
723 2200 729 2206 .
748 2176 786 2205 -ti
804 2174 888 2204 FH:
915 2176 994 2205 -cito
1011 2199 1017 2206 .
1038 2199 1044 2205 .
1065 2199 1072 2206 .
1094 2175 1167 2205 -tito
1184 2175 1296 2205 Baiter
1385 2185 1419 2205 11
1446 2177 1534 2214 quod
1553 2177 1637 2216 vulg.
1657 2187 1664 2206 :

1563 2228 1577 2244 e

334 2252 397 2281 emi
414 2252 503 2290 quod
522 2252 606 2287 FH;
635 2262 734 2290 quom
752 2251 902 2282 Bd'lzrens
1019 2262 1056 2282 12
1081 2257 1267 2290 sequentur
1283 2252 1450 2282 Bc‘ilvz’ns:
1476 2258 1664 2292 sequuntur

334 2294 390 2324 H:
424 2300 585 2325 secuntur
608 2301 720 2326 autem
746 2295 946 2326 FBz'icheler
1103 2295 1318 2326 adhibebitur
1341 2294 1400 2326 H:
1432 2296 1612 2326 adhibetur
1637 2297 1670 2327 F

341 2349 374 2375 τι
401 2350 456 2369 cas
489 2350 564 2370 corr.
594 2350 633 2369 ex
656 2344 726 2369 etas
751 2338 797 2374 H,
830 2339 915 2369 unde
938 2343 1078 2368 cunctas
1102 2339 1251 2368 Bc'z'l1rens
1405 2339 1550 2377 habeas;
1587 2350 1662 2370 nam

337 2380 523 2420 llivsenhcrg
655 2393 693 2421 19
718 2388 810 2412 utare
829 2382 1018 2421 frequentia
1034 2382 1134 2419 Koch,
1152 2382 1218 2413 coll.
1241 2385 1277 2419 ἐξ
1296 2392 1325 2420 3.
1347 2383 1389 2420 36
1521 2394 1557 2413 21
1587 2394 1661 2413 cum

332 2426 464 2455 domum
483 2426 623 2455 veniunt
637 2425 693 2456 del.
716 2426 818 2456 Orelli
931 2428 973 2456 26
999 2426 1136 2456 venient
1153 2425 1238 2457 codd.
1259 2425 1400 2457 Miillcr:
1424 2427 1563 2457 veniant
1582 2427 1662 2459 Rob.

331 2468 519 2508 Stephanus
606 2469 646 2499 iis
663 2469 855 2508 significato
870 2469 941 2501 dett.

1685 872 1723 894 10

1684 1520 1724 1542 20
