1871 2782
157 144 357 193 111.v‚vi
668 143 724 180 M.
757 142 925 179 TVLLI
957 141 1265 180 CICERONIS

263 264 286 302 7
362 255 557 303 Quattuor
572 252 791 302 tragoedias
805 251 977 291 sedecim
990 252 1130 291 diebus
1143 249 1359 290 absolvisse
1372 264 1463 289 cum
1476 249 1633 297 scribas,

306 327 347 356 tu
387 317 600 367 quicquam
639 317 690 355 ab
728 317 806 355 alio
844 316 1062 355 mutuaris?
1109 324 1148 354 et
1185 317 1303 357 πάθος
1340 315 1505 366 quaeris,
1545 328 1636 353 cum

308 385 505 422 Electram
545 390 583 421 et
626 382 805 420 Troilum
845 382 1075 433 scripseris?
1132 383 1316 421 Cessator
1356 394 1442 419 esse
1480 380 1561 418 noli
1599 386 1637 418 et

307 449 405 486 illud
427 448 561 500 ιγνῶθι
580 448 755 486 σεαυτόν’
776 447 858 485 noli
878 455 1015 497 putare
1027 448 1078 486 ad
1091 446 1363 497 adrogantiam
1380 445 1638 483 minuendam

308 514 437 551 solum
465 525 550 550 esse
580 512 731 550 dictum
759 524 894 550 verum
924 512 1042 550 etiam
1071 519 1114 550 ut
1144 512 1249 550 bona
1277 518 1411 549 nostra
1439 510 1614 548 norimus
1629 524 1639 558 3
1659 523 1676 555 5

309 577 379 615 sed
399 584 437 614 et
458 577 548 614 istas
565 584 603 614 et
624 576 836 627 Erigonam
856 575 953 614 mihi
972 575 1089 614 velim
1110 575 1251 614 mittas.
1311 575 1451 614 Habes
1472 576 1526 612 ad
1542 575 1639 613 duas

309 640 495 692 epistulas
514 640 718 691 proximas.

354 791 447 826 VII
489 794 557 826 Ser.
576 796 608 825 ιἰι
633 795 815 825 Tusculano
830 806 878 826 ex.
896 806 939 826 m.
963 794 1029 826 Oct.
1049 798 1109 825 aut
1123 795 1166 825 1'11.
1190 805 1233 826 m.
1250 793 1332 826 Nov.
1353 805 1383 826 cz.
1403 804 1462 834 700
1480 793 1565 837 (54).

549 883 740 914 MARCVS
766 883 943 922 QVINTO
971 883 1144 914 FRATRI
1171 883 1400 916 SALVTEM.

275 982 292 1008 1
367 973 520 1010 Romae
549 978 587 1009 et
617 971 785 1009 maxime
813 975 835 1012 †
862 978 900 1009 et
926 971 1058 1021 Appia
1085 972 1137 1010 ad
1166 971 1304 1010 Martis
1336 971 1433 1010 mira
1469 970 1592 1009 luvies
1608 974 1640 1012 †.
1666 983 1703 1005 10

313 1035 556 1086 Crassipedis
598 1035 815 1074 ambulatio
857 1036 999 1083 ablata,
1044 1036 1157 1083 horti,
1200 1037 1385 1075 tabernae
1428 1035 1645 1086 plurimae,-

313 1115 455 1152 magna
474 1101 531 1139 vis
557 1114 683 1151 aquae
709 1114 835 1151 usque
855 1102 906 1140 ad
926 1101 1120 1151 piscinam
1141 1101 1353 1151 publicam.
1411 1101 1528 1152 Viget
1548 1101 1645 1140 illud

314 1165 507 1205 Homeri:

440 1230 580 1282 '‘wasr’
608 1233 782 1283 ὀπωρινῷ,
812 1233 873 1270 ὅτε
900 1232 1138 1283 λαβρότατον
1165 1233 1242 1284 χέει
1270 1233 1364 1282 ὕδωρ

448 1299 546 1343 Ζεύς,
576 1297 635 1336 ὅτε
664 1298 708 1348 δή
735 1297 768 1348 ῥ’
796 1298 973 1348 ἄνδρεσσι
1002 1300 1274 1349 κοτεσσάμενος
1300 1297 1506 1351 χαλεπήνῃ.

316 1373 434 1415 Cadit
454 1373 560 1413 enim
580 1374 619 1412 in
639 1374 930 1413 absolutionem
952 1374 1097 1414 Gabini
1114 1389 1122 1413 ε

1669 1316 1706 1348 15

452 1452 501 1490 Οἳ
527 1453 595 1502 βίῃ
625 1454 676 1490 εἷν
704 1454 822 1505 ἀγορῇ
850 1453 1005 1493 σκολιὰς
1035 1452 1183 1503 κρίνωσ,
1213 1452 1400 1503 θέμιστας,

452 1520 492 1555 ἐκ
520 1518 558 1556 δὲ
586 1518 689 1568 δίκην
717 1519 895 1564 ἐλάσωσι,
925 1519 1016 1558 θεῶν
1044 1519 1128 1557 ὄπιν
1155 1520 1221 1557 οὐκ
1250 1518 1455 1571 ἀλέγοντες.

274 1602 299 1630 2
319 1595 397 1633 Sed
424 1595 521 1632 haec
549 1608 628 1632 non
656 1608 789 1634 curare
819 1594 984 1634 decrevi.
1045 1597 1217 1634 Romam
1247 1609 1338 1634 cum
1364 1607 1520 1642 venero,
1547 1606 1648 1644 quae

318 1672 551 1709 perspexero
582 1660 749 1698 scribam
780 1662 831 1699 ad
865 1668 903 1700 te
937 1669 975 1699 et
1009 1660 1178 1699 maxime
1211 1662 1262 1699 de
1295 1660 1500 1707 dictatura,
1529 1667 1567 1698 et
1596 1659 1648 1697 ad
1671 1672 1709 1694 20

319 1724 541 1762 Labienum
561 1732 599 1763 et
619 1727 670 1764 ad
692 1725 894 1775 Ligurium
914 1726 1060 1764 litteras
1081 1726 1198 1764 dabo.
1262 1727 1381 1763 Hanc
1402 1723 1535 1775 scripsi
1557 1732 1649 1762 ante

318 1791 433 1827 lucem
453 1790 505 1827 ad
525 1790 792 1839 lychnuchum
813 1790 1039 1841 ligneolum,
1062 1790 1130 1841 qui
1152 1789 1248 1828 mihi
1269 1797 1349 1828 erat
1369 1789 1646 1840 periucundus,

320 1854 429 1904 quod
459 1868 549 1892 eum
579 1861 617 1892 te
645 1854 814 1902 aiebant,
836 1869 928 1893 cum
957 1869 1062 1894 esses
1089 1855 1206 1902 Sami,
1229 1868 1384 1893 curasse
1410 1854 1647 1893 faciendum.

320 1920 430 1966 Vale,
453 1918 507 1956 mi
528 1919 755 1958 suavissime
776 1927 814 1959 et
834 1920 983 1970 optime
1003 1922 1127 1959 frater.

369 2034 382 2054 1
410 2034 534 2054 nouam
558 2029 603 2065 ep.
631 2025 740 2066 incipit
767 2026 809 2057 M
962 2027 1149 2058 absolvisse
1177 2032 1210 2058 te
1238 2026 1356 2058 Lamb.
1513 2036 1533 2057 2
1557 2024 1652 2057 πάθος

326 2067 464 2098 Vsener:
488 2071 627 2099 ΠΛΕΟΣ
640 2069 700 2100 M:
724 2070 816 2108 χρέος
835 2070 878 2102 C:
903 2070 996 2101 κλέος
1010 2071 1167 2112 Mmarg.
1259 2082 1279 2111 3
1302 2071 1451 2102 Troilum
1468 2070 1629 2101 Frilzsclte
1645 2081 1652 2100 :

323 2112 451 2141 trodam
470 2111 529 2142 M:
553 2112 703 2144 Troadas
725 2113 931 2154 Wescnbcag:
955 2114 1125 2154 Aeropam
1142 2115 1297 2145 Biiclzeler
1383 2124 1402 2153 5
1420 2124 1535 2144 verum
1552 2114 1650 2144 etiam

325 2155 366 2183 M
387 2165 518 2196 marg:
551 2161 642 2187 vetat
671 2158 736 2188 iam
760 2158 1033 2198 (suprascriptum
1059 2158 1130 2188 vult
1154 2159 1268 2193 etiam)
1296 2157 1337 2187 ,Μ
1464 2159 1485 2187 6
1507 2158 1548 2187 ad
1573 2156 1648 2187 add.

328 2197 468 2228 Vrsinus
610 2211 649 2230 10
672 2201 705 2230 in
732 2201 847 2240 Appia
879 2200 1089 2241 lVesenberg:
1124 2201 1237 2241 Appia
1265 2202 1313 2231 vel
1336 2211 1379 2231 ex
1404 2199 1517 2240 Appia
1541 2199 1656 2229 Baiter

325 2241 464 2272 alluvies
494 2242 567 2273 Vict.
596 2244 653 2274 sed
672 2244 749 2274 haec
771 2255 834 2274 vox
867 2256 930 2274 non
962 2245 1136 2275 Tulliana:
1172 2245 1342 2284 proluvies
1381 2243 1504 2273 M²RJ:
1539 2243 1651 2274 eluvio

325 2283 420 2324 Boot,
439 2287 503 2317 coll.
524 2287 603 2328 Jeep.
625 2288 666 2319 vi.
685 2297 750 2327 23;
774 2287 825 2318 De
839 2286 917 2319 Dt‘v.
937 2288 955 2318 i.
980 2298 1035 2317 111
1172 2298 1212 2318 22
1237 2287 1344 2318 lucem
1363 2286 1438 2318 add.
1458 2289 1526 2318 velt.
