1871 2782
327 157 362 194 3⁷
376 161 414 184 10
731 145 778 192 Q.
811 144 979 181 TVLLI
1011 143 1317 182 CICERONIS

356 255 519 294 timeant
539 254 657 293 etiam
682 253 713 292 si
735 253 885 304 quierit,
908 267 1028 304 quam
1055 262 1097 293 ut
1124 261 1381 293 contemnant
1401 254 1432 293 si
1460 254 1555 305 quid
1582 269 1687 294 com-

301 334 334 356 η
357 319 532 358 moverit.
591 318 925 367 Quanto-melior
962 318 1033 357 tibi
1071 320 1226 357 fortuna
1263 319 1462 370 petitionis
1501 321 1592 358 data
1630 327 1688 359 est

357 396 474 434 quam
508 397 633 434 nuper
665 382 817 421 homini
852 396 965 430 novo,
1003 384 1047 422 C.
1085 383 1249 423 Coelio!
1299 385 1371 422 Ille
1409 397 1500 422 cum
1532 385 1688 423 duobus

357 448 585 486 hominibus
616 447 670 486 ita
699 447 951 486 nobilissimis
982 448 1140 498 petebat
1177 456 1216 486 ut
1249 455 1381 487 tamen
1411 448 1451 486 in
1482 448 1527 487 iis
1557 449 1690 487 omnia

359 512 479 563 pluris
508 520 639 551 essent
667 526 786 563 quam
811 513 895 562 ipsa
924 513 1119 560 nobilitas,
1142 526 1297 551 summa
1323 512 1490 563 ingenia,
1513 527 1690 552 summus
1711 526 1728 559 5

360 578 499 628 pudor,
521 577 688 628 plurima
708 577 909 624 beneficia,
934 591 1088 616 summa
1113 577 1210 616 ratio
1230 591 1276 616 ac
1297 577 1497 628 diligentia
1517 578 1688 628 petendi.

361 644 422 681 Ac
443 649 576 681 tamen
596 656 731 681 eorum
752 644 917 681 alterum
949 642 1120 689 Coelius,
1143 656 1234 681 cum
1261 644 1387 681 multo
1413 642 1571 681 inferior
1591 650 1693 681 esset

304 722 341 745 12
361 720 514 757 genere,
537 707 713 757 superior
741 709 848 745 nulla
877 721 916 745 re
945 721 1082 757 paene,
1106 707 1310 757 superavit.
1371 708 1462 756 Qua
1488 721 1528 746 re
1557 707 1639 755 tibi,
1661 707 1693 745 si

361 771 479 810 facies
517 785 564 810 ea
601 785 703 821 quae
741 779 878 809 natura
911 779 949 810 et
980 772 1109 810 studia
1141 771 1283 821 quibus
1315 785 1470 822 semper
1507 786 1600 810 usus
1638 786 1691 819 es,

360 835 588 885 largiuntur,
618 849 719 886 quae
750 835 936 886 temporis
967 835 1023 874 tui
1057 835 1154 874 ratio
1188 835 1395 883 desiderat,
1428 850 1529 886 quae
1568 844 1690 887 potes,
1714 855 1753 877 10

361 913 463 950 quae
497 900 629 947 debes,
667 913 748 938 non
782 900 852 938 erit
890 900 1047 939 difficile
1078 908 1277 939 certamen
1308 915 1398 940 cum
1430 901 1475 939 iis
1509 901 1695 951 competi-

362 965 523 1012 toribus,
539 965 606 1015 qui
627 979 878 1015 nequaquam
900 973 990 1004 sunt
1010 972 1089 1004 tam
1106 979 1247 1016 genere
1268 965 1438 1016 insignes
1455 979 1573 1015 quam
1594 965 1694 1003 vitiis

363 1029 527 1069 nobiles.
588 1029 688 1080 Quis
712 1030 817 1069 enim
839 1029 995 1080 reperiri
1023 1037 1152 1081 potest
1177 1037 1257 1068 tam
1283 1030 1487 1081 improbus
1514 1030 1607 1068 civis
1628 1029 1696 1080 qui

362 1095 455 1134 velit
475 1108 556 1133 uno
576 1095 759 1146 suffragio
779 1097 877 1134 duas
898 1095 937 1133 in
958 1108 1040 1133 rem
1060 1095 1261 1145 publicam
1282 1095 1381 1134 sicas
1402 1094 1669 1145 destringere?

307 1139 345 1221 g
418 1161 619 1212 Quoniam
640 1176 741 1212 quae
761 1161 934 1200 subsidia
956 1161 1138 1200 novitatis
1158 1162 1322 1200 haberes
1339 1168 1376 1200 et
1396 1162 1541 1200 habere
1561 1174 1696 1211 posses
1720 1170 1754 1203 ¹5

327 1221 344 1230 ν
363 1226 536 1276 exposui,
561 1240 666 1265 nunc
688 1228 738 1265 de
759 1226 1030 1277 magnitudine
1059 1226 1259 1277 petitionis
1289 1227 1504 1265 dicendum
1531 1226 1694 1265 videtur.

364 1291 625 1332 Consulatum
660 1291 770 1342 petis,
806 1305 886 1341 quo
917 1292 1067 1330 honore
1100 1305 1220 1330 nemo
1252 1299 1310 1330 est
1341 1291 1436 1342 quin
1466 1299 1504 1330 te
1533 1291 1697 1341 dignum

363 1355 579 1403 arbitretur,
613 1357 683 1395 sed
714 1356 826 1394 multi
857 1355 925 1406 qui
955 1355 1156 1395 invideant
1174 1370 1183 1404 3
1230 1356 1329 1406 petis
1363 1356 1468 1395 enim
1500 1357 1622 1394 homo
1652 1370 1699 1395 ex

364 1421 534 1472 equestri
564 1423 653 1459 loco
682 1434 881 1459 summum
915 1422 1047 1459 locum
1074 1420 1239 1459 civitatis
1265 1428 1383 1471 atque
1416 1421 1470 1459 ita
1498 1434 1698 1459 summum

365 1494 407 1525 ut
439 1486 527 1525 forti
558 1486 720 1533 homini,
754 1486 911 1533 diserto,
946 1485 1148 1524 innocenti
1180 1487 1305 1524 multo
1335 1485 1441 1524 idem
1475 1485 1539 1524 ille
1570 1487 1698 1524 honos
1719 1500 1757 1522 20

366 1553 453 1603 plus
484 1551 753 1602 amplitudinis
785 1565 904 1602 quam
939 1551 1076 1590 ceteris
1106 1552 1265 1590 adferat.
1339 1551 1433 1589 Noli
1463 1559 1600 1602 putare
1631 1565 1698 1590 eos

367 1616 434 1666 qui
455 1624 544 1654 sunt
565 1630 613 1655 eo
634 1618 783 1655 honore
804 1616 863 1654 usi
884 1629 964 1654 non
984 1616 1127 1663 videre,
1145 1623 1188 1654 tu
1208 1630 1299 1655 cum
1320 1616 1426 1655 idem
1448 1616 1498 1654 sis
1519 1618 1697 1667 adeptuS‚

367 1681 462 1731 quid
497 1681 695 1731 dignitatis
727 1681 930 1720 habiturus
961 1681 1022 1720 sis.
1083 1683 1163 1720 Eos
1201 1694 1294 1720 vero
1328 1680 1394 1731 qui
1429 1681 1699 1719 consularibus

367 1745 522 1784 familiis
556 1746 636 1784 nati
666 1748 798 1784 locum
830 1746 1022 1784 maiorum
1056 1746 1258 1785 consecuti
1292 1760 1373 1784 non
1405 1754 1495 1784 sunt
1525 1746 1701 1796 suspicor

368 1810 451 1858 tibi,
475 1811 547 1849 nisi
568 1811 599 1849 si
620 1811 686 1861 qui
707 1813 926 1850 admodum
947 1819 985 1850 te
1011 1819 1155 1859 amant,
1178 1811 1363 1850 invidere.
1424 1811 1554 1849 Etiam
1576 1824 1699 1849 novos
1721 1822 1759 1856 25

370 1875 551 1914 homines
584 1876 797 1926 praetorios
831 1876 1021 1923 existimo,
1054 1876 1127 1914 nisi
1159 1875 1226 1926 qui
1257 1883 1326 1914 tuo
1357 1875 1552 1914 beneficio
1581 1875 1702 1914 vincti

313 1951 352 1984 14
371 1948 473 1988 sunt,
497 1943 600 1979 nolle
620 1942 691 1979 abs
712 1949 750 1980 te
771 1955 812 1980 se
832 1943 983 1980 honore
1004 1941 1186 1991 superari.
1246 1943 1332 1979 Iam
1353 1941 1392 1979 in
1414 1943 1562 1992 populo
1583 1955 1701 1991 quam

372 2005 484 2044 multi
515 2005 637 2044 invidi
666 2006 753 2053 sint,
787 2020 906 2057 quam
937 2006 1224 2045 consuetudine
1253 2007 1394 2044 horum
1427 2020 1621 2044 annorum
1652 2006 1703 2044 ab

370 2071 598 2110 hominibus
620 2072 730 2110 novis
757 2072 925 2119 alienati,
948 2071 1079 2111 venire
1105 2071 1176 2110 tibi
1200 2071 1240 2109 in
1264 2079 1438 2110 mentem
1465 2079 1571 2110 certo
1598 2071 1704 2118 sci03

371 2149 456 2175 esse
485 2136 603 2175 etiam
634 2150 714 2175 non
744 2138 873 2175 nullos
903 2136 974 2175 tibi
1005 2136 1122 2175 iratos
1154 2150 1201 2175 ex
1229 2135 1274 2174 iis
1306 2135 1432 2174 causis
1465 2148 1561 2185 quas
1593 2135 1703 2185 egisti
1722 2149 1762 2180 30

418 2251 431 2271 1
459 2240 598 2272 timeant
616 2265 622 2272 .
643 2265 650 2272 .
671 2265 677 2272 .
700 2245 917 2271 contemnant
935 2240 1120 2280 Zirdcnzan:
1140 2245 1187 2271 —at
1204 2264 1211 2270 .
1232 2264 1238 2271 .
1258 2263 1266 2270 .
1287 2244 1332 2270 -at
1349 2238 1434 2270 codd.
1455 2239 1542 2279 vulg.
1634 2239 1705 2278 qui-

373 2285 440 2314 eris
459 2310 465 2315 .
483 2309 490 2315 .
510 2309 517 2316 .
537 2286 759 2316 commoveris
777 2286 854 2316 coni.
877 2285 979 2315 Orelli
1085 2286 1105 2314 8
1131 2295 1166 2314 re
1185 2294 1292 2321 paene
1311 2283 1402 2313 nulla
1420 2283 1578 2313 Bz‘iclzcler
1667 2292 1702 2312 11

374 2328 437 2358 erit
455 2328 525 2359 dett.
545 2339 552 2358 τ
577 2339 641 2359 om.
663 2328 751 2358 FH:
771 2333 847 2368 post
863 2334 1034 2358 certamen
1050 2329 1145 2367 ponit
1159 2326 1317 2357 Biiclzcler
1406 2337 1443 2356 12
1468 2327 1618 2365 insignes
1634 2326 1701 2356 secl.

374 2371 531 2444 ‘Ijt‘iclzclcr
663 2381 701 2410 13
727 2372 874 2412 nobiles]
893 2372 976 2402 viles
992 2371 1140 2402 B‹'1'l11·ens
1250 2370 1292 2400 28
1313 2372 1500 2411 postquam
1515 2369 1590 2401 add.
1610 2369 1705 2400 multi

397 2418 445 2445 cll.
