1871 2782
269 154 371 192 ILii
687 149 743 186 M.
775 148 942 185 TVLLI
974 146 1281 186 CICERONIS

323 263 371 301 sit
405 259 608 300 latrocinio
641 259 887 297 tribunorum
917 271 997 296 non
1027 256 1172 304 divino,
1206 257 1277 296 sed
1312 262 1444 294 tamen
1473 254 1650 306 suspicor

323 340 390 378 per
415 325 494 364 vim
521 324 765 374 rogationem
789 323 1000 363 Caninium
1023 324 1273 373 perlaturum.
1334 323 1383 359 In
1410 334 1456 359 ea
1475 334 1515 359 re
1536 322 1651 359 Pom-

323 391 432 442 peius
460 390 557 440 quid
585 389 677 428 velit
703 403 783 427 non
811 388 977 439 dispicio
992 403 1002 436 3
1031 387 1239 426 familiares
1263 386 1347 425 eius
1374 385 1470 436 quid
1491 385 1650 436 cupiant

323 468 460 496 omnes
489 454 624 494 vident
640 469 650 501 3
692 453 904 492 creditores
934 467 1026 492 vero
1055 453 1154 503 regis
1183 460 1316 502 aperte
1346 450 1534 502 pecunias
1564 464 1652 500 sup-

323 520 501 572 peditant
539 527 676 558 contra
716 520 940 557 Lentulum.
1013 518 1105 557 Sine
1148 518 1273 557 dubio
1315 530 1375 555 res
1415 530 1438 555 a
1482 517 1690 562 Lentulof,

324 592 474 625 remota
506 584 660 623 videtur
690 596 775 622 esse
806 597 897 622 cum
932 597 1076 633 magno
1107 596 1197 621 meo
1231 583 1378 628 dolore,
1410 594 1652 630 quamquam

325 652 447 689 multa
467 649 557 689 fecit
578 663 655 699 qua
676 662 726 695 re,
750 647 781 686 si
802 650 857 686 fas
879 655 991 695 esset,
1014 648 1096 686 iure
1116 647 1151 686 ei
1173 660 1400 685 suscensere
1420 659 1636 695 possemus.

279 724 306 762 4
378 717 452 762 Tu,
481 714 512 753 si
545 714 597 752 ita
635 713 802 763 expedit,
835 712 952 751 velim
988 726 1106 763 quam
1138 712 1308 762 primum
1343 712 1449 750 bona
1480 718 1518 749 et
1550 717 1654 748 certa

326 787 557 830 tempestate
596 779 840 817 conscendas
879 778 930 816 ad
970 790 1112 827 meque
1146 776 1305 824 venias;
1348 775 1654 814 innumerabiles

325 845 429 884 enim
451 858 510 884 res
531 852 621 883 sunt
642 844 681 882 in
695 843 838 894 quibus
859 851 897 882 te
911 843 1055 882 cotidie
1072 842 1111 880 in
1128 842 1236 881 omni
1256 855 1399 892 genere
1419 841 1651 881 desiderem.
1678 858 1716 881 10

325 910 401 949 Tui
423 909 624 960 nostrique
644 911 785 948 valent.
845 921 940 946 X1111
965 910 1014 946 K.
1039 907 1281 947 Februarias.

368 1046 442 1081 ΠῙ
511 1047 578 1080 Scr.
596 1048 724 1079 Romae
735 1047 819 1088 prid.
840 1046 890 1078 Id.
908 1047 997 1079 Febr.
1017 1050 1046 1078 cl
1060 1057 1105 1077 xv
1120 1045 1163 1077 K.
1187 1045 1288 1077 Mart.
1310 1055 1339 1076 a.
1360 1046 1426 1085 698
1443 1044 1527 1086 (56).

569 1125 760 1156 MARCVS
785 1125 961 1164 QVINTO
989 1123 1164 1154 FRATRI
1192 1122 1419 1154 SALVTEM.

293 1218 313 1247 1
384 1204 529 1254 Scripsi
562 1204 612 1242 ad
646 1211 684 1241 te
717 1210 833 1241 antea
870 1201 1092 1251 superiora3
1136 1214 1242 1238 nunc
1282 1213 1479 1250 cognosce
1521 1206 1659 1250 postea

331 1283 432 1321 quae
469 1269 547 1308 sint
584 1276 682 1307 acta.
741 1270 777 1305 A
810 1268 898 1305 Kal.
934 1267 1044 1304 Febr.
1078 1265 1292 1315 legationes
1332 1265 1372 1302 in
1411 1266 1508 1303 Idus
1543 1265 1656 1302 Febr.
1681 1283 1718 1315 15

332 1335 602 1375 reiciebantur.
663 1336 724 1372 Eo
744 1333 808 1371 die
829 1346 887 1370 res
909 1333 1089 1370 confecta
1108 1344 1189 1369 non
1211 1338 1280 1368 est.
1331 1332 1377 1368 A.
1401 1331 1438 1368 d.
1463 1342 1526 1367 1111
1552 1332 1655 1369 Non.

334 1401 446 1440 Febr.
489 1399 588 1438 Milo
625 1398 760 1437 adfuit.
822 1396 868 1435 Ei
901 1395 1113 1446 Pompeius
1143 1396 1358 1433 advocatus
1392 1394 1523 1442 ven-it;
1565 1394 1662 1433 dixit

335 1466 546 1509 Marcellus
562 1478 585 1502 a
601 1477 663 1502 me
684 1470 838 1512 rogatus
854 1476 863 1509 3
892 1463 1057 1500 honeste
1073 1459 1324 1498 discessimus
1340 1474 1349 1507 ;
1378 1459 1557 1509 prodicta
1577 1460 1662 1498 dies

334 1538 392 1569 est
413 1530 452 1568 in
474 1542 546 1567 vl11
571 1530 666 1567 Idus
688 1529 798 1566 Febr.
860 1525 1022 1564 Interim
1043 1524 1195 1563 reiectis
1222 1524 1482 1574 legationibus
1503 1524 1543 1562 in
1566 1527 1662 1563 Idus

335 1595 572 1639 referebatur
598 1595 648 1632 de
674 1591 884 1643 provinciis
911 1598 1163 1641 quaestorum
1193 1597 1231 1628 et
1261 1591 1311 1628 de
1340 1589 1527 1628 ornandis
1556 1604 1663 1640 prae·
1683 1609 1723 1631 20

336 1660 485 1700 toribus
502 1675 510 1707 3
539 1660 609 1698 sed
630 1672 689 1697 res
716 1657 847 1695 multis
868 1656 1035 1706 querelis
1055 1657 1106 1694 de
1126 1669 1166 1694 re
1187 1655 1345 1705 publica
1365 1655 1662 1705 interponendis

337 1727 443 1764 nulla
463 1732 656 1763 transacta
677 1730 744 1761 est.
805 1724 849 1762 C.
873 1723 974 1761 Cato
994 1723 1120 1771 legem
1147 1720 1408 1771 promulgavit
1428 1722 1478 1759 de
1499 1721 1664 1771 imperio

340 1791 508 1829 Lentulo
527 1789 766 1838 abrogando.
825 1786 1021 1825 Vestitum
1043 1786 1144 1824 filius
1165 1786 1339 1824 mutavit.

296 1869 321 1898 2
393 1857 439 1893 A.
465 1856 503 1894 d.
536 1867 610 1892 vr11
642 1855 700 1892 Id.
735 1853 845 1891 Febr.
879 1852 980 1891 Milo
1008 1852 1143 1891 adfuit.
1205 1853 1312 1891 Dixit
1343 1852 1555 1904 Pompeius
1584 1852 1665 1891 sive

339 1920 461 1960 voluit
476 1935 485 1967 ;
532 1933 634 1966 nam,
687 1926 729 1957 ut
776 1918 948 1966 surrexit,
998 1932 1139 1968 operae
1188 1919 1405 1958 Clodianae
1452 1920 1663 1957 clamorem
1686 1933 1724 1965 ²5

339 1987 588 2032 sustulerunt,
618 1985 738 2034 idque
765 1984 800 2022 ei
826 1992 1014 2035 perpetua
1041 1984 1217 2023 oratione
1244 1985 1408 2035 contigit
1436 1999 1517 2024 non
1544 1985 1666 2022 modo

334 2058 383 2109 pt
407 2050 691 2091 acclamatione
721 2051 791 2089 sed
815 2058 857 2088 ut
884 2050 1064 2089 convicio
1091 2059 1129 2089 et
1156 2051 1375 2089 maledictis
1400 2050 1663 2101 impediretur.

341 2115 421 2166 Qui
442 2122 483 2154 ut
504 2115 695 2165 peroravit
718 2115 826 2166 (nam
853 2115 893 2153 in
923 2129 970 2154 eo
998 2129 1091 2154 sane
1111 2115 1220 2154 fortis
1241 2115 1311 2154 fuit
1327 2130 1336 2163 ;
1365 2129 1446 2153 non
1467 2122 1524 2153 est
1545 2116 1668 2153 deter-

341 2181 459 2229 ritus;
506 2179 603 2219 dixit
642 2180 775 2219 omnia
813 2188 932 2230 atque
970 2180 1167 2219 interdum
1206 2180 1324 2218 etiam
1369 2179 1536 2225 silentio,
1576 2192 1667 2217 cum

385 2286 405 2315 8
428 2286 491 2316 ista
522 2286 580 2325 (sic
606 2285 678 2319 M25
709 2286 876 2325 expedisti
899 2284 968 2316 cod.
996 2284 1119 2315 Faerm'
1142 2283 1340 2324 chsenberg,
1359 2283 1440 2322 sorl.
1473 2286 1568 2314 recle:
1606 2284 1669 2314 ista

344 2329 501 2368 expedita
528 2330 607 2360 coni.
639 2329 738 2359 Orclli
873 2340 894 2368 9
917 2329 1127 2359 conscendas
1155 2327 1354 2358 Cratander:
1392 2328 1605 2358 commendas
1632 2327 1672 2356 Μ

339 2383 385 2409 τι)
408 2382 470 2402 vm
491 2373 583 2404 Man.
603 2374 669 2404 coll.
688 2374 783 2406 Fam.
803 2373 821 2404 i.
842 2374 890 2412 5b
911 2383 923 2403 1
943 2384 950 2404 :
974 2381 1022 2402 vn
1041 2372 1079 2401 M
1219 2381 1259 2410 23
1286 2370 1429 2402 Lentulo
1447 2371 1541 2402 Man.
1559 2383 1565 2402 :
1589 2371 1613 2401 -i
1632 2369 1673 2400 M

344 2426 383 2453 24
410 2425 471 2445 vm
491 2416 582 2448 Man.
603 2427 609 2446 t
634 2427 681 2447 vri
701 2416 741 2446 M
