1871 2782
430 186 542 223 EPP.
575 186 652 222 AD
684 183 950 232 QVINTVM
982 183 1255 220 FRATREM
1453 179 1532 217 111.
1551 178 1652 223 V,vi

178 304 310 335 tamen
331 296 517 335 indicabo
544 295 615 334 tibi
635 295 744 345 quod
771 307 834 332 me
858 294 1016 331 hercule
1044 292 1083 330 in
1108 292 1242 343 primis
1269 299 1307 330 te
1335 291 1504 329 celatum

177 362 370 400 volebam.
430 363 575 411 Angor,
605 359 659 398 mi
688 357 915 397 suavissime
944 359 1069 404 frater,
1091 370 1213 406 angor
1242 357 1389 394 nullam
1420 368 1504 393 esse

177 439 259 464 rem
281 425 490 476 publicam,
514 425 621 462 nulla
640 422 794 470 iudicia,
818 430 1075 472 nostrumque
1096 423 1172 460 hoc
1193 429 1347 471 tempus
1367 420 1504 459 aetatis

177 491 287 540 quod
308 490 347 528 in
368 490 433 528 illa
461 488 690 527 auctoritate
711 486 905 525 senatoria
924 488 1061 525 florere
1081 486 1253 525 debebat
1273 493 1340 524 aut
1360 483 1504 523 forensi

138 569 156 600 5
177 555 311 594 labore
345 554 477 593 iactari
509 561 577 592 aut
607 551 834 592 domesticis
866 551 1001 590 litteris
1035 550 1253 598 sustentari,
1285 550 1381 588 illud
1412 562 1504 588 vero

177 621 286 669 quod
306 634 329 658 a
348 633 470 670 puero
489 620 725 665 adamatam,

321 687 478 724 Πολλὸν
505 685 707 735 ἀριστεύειν
739 683 798 721 καὶ
827 679 1022 734 ὓπέίροχον
1050 682 1201 733 ἔμμεναι
1230 682 1365 726 ἄλλων,

177 755 305 787 totum
326 749 530 797 occidisse,
552 748 731 787 inimicos
752 761 774 786 a
795 761 858 786 me
878 747 1019 798 partim
1039 761 1120 785 non
1141 753 1401 797 oppugnatos,
1425 757 1507 795 par<

178 812 248 850 tim
273 813 389 852 etiam
418 828 503 852 esse
529 815 724 860 defensos,
747 826 880 851 meum
909 825 991 850 non
1015 813 1136 850 modo
1163 811 1339 849 animum
1363 810 1433 848 sed
1457 822 1506 847 ne

120 890 160 913 10
178 878 315 916 odium
336 878 497 928 quidem
511 893 595 917 esse
608 879 784 925 liberum,
800 891 1003 928 unumque
1023 890 1070 915 ex
1089 876 1274 915 omnibus
1296 876 1506 915 Caesarem

177 955 263 980 esse
284 942 486 981 inventum
512 943 579 993 qui
607 957 670 982 me
691 950 843 981 tantum
873 949 1063 992 quantum
1085 954 1158 991 ego
1178 942 1318 979 vellem
1344 946 1504 986 amaret,

175 1014 244 1045 aut
274 1007 402 1055 etiam,
435 1007 490 1046 sic
521 1015 563 1046 ut
591 1008 656 1046 alii
685 1015 834 1058 putant,
866 1008 972 1045 hunc
1005 1020 1129 1044 unum
1161 1019 1245 1044 esse
1279 1004 1347 1055 qui
1375 1005 1500 1043 vellet.

178 1073 358 1121 Quorum
388 1080 520 1111 tamen
547 1073 644 1111 nihil
668 1080 725 1111 est
755 1072 837 1111 eius
867 1071 976 1110 modi
1005 1078 1047 1109 ut
1077 1084 1149 1121 ego
1178 1083 1242 1108 me
1271 1083 1352 1108 non
1382 1070 1504 1107 multa

177 1137 448 1176 consolatione
468 1137 613 1176 cotidie
633 1137 777 1175 leniam
794 1151 804 1184 3
834 1137 903 1174 sed
923 1135 988 1173 illa
1007 1135 1078 1173 erit
1097 1134 1315 1173 consolatio
1336 1133 1504 1172 maxima

121 1214 158 1246 15
179 1203 210 1241 si
230 1217 309 1242 una
329 1204 482 1243 erimus.
543 1205 581 1242 N
585 1216 662 1241 unc
675 1204 726 1241 ad
741 1202 806 1240 illa
820 1203 880 1241 vel
895 1200 1165 1252 gravissimum
1180 1199 1334 1238 accedit
1354 1199 1505 1238 deside-

177 1267 277 1306 rium
298 1268 363 1307 tui.

183 1385 185 1387 ι
229 1333 443 1371 Gabinium
463 1333 505 1381 si,
528 1340 570 1371 ut
591 1335 718 1371 Pansa
738 1340 849 1383 putat
869 1331 1097 1382 oportuisse,
1121 1330 1397 1377 defendissem,
1413 1344 1504 1369 con-
1522 1337 1546 1376 5

173 1398 367 1437 cidissem.
428 1398 508 1447 Qui
527 1398 638 1436 illum
665 1399 833 1436 oderunt
855 1397 898 1449 (ii
923 1405 1013 1436 sunt
1040 1396 1112 1435 toti
1137 1395 1324 1446 ordines),
1347 1404 1504 1446 propter

175 1476 294 1512 quem
314 1464 493 1510 oderunt,
515 1477 579 1501 me
604 1462 734 1513 ipsum
761 1462 893 1501 odisse
918 1461 1150 1512 coepissent.
1211 1460 1340 1499 Tenui
1365 1474 1438 1507 me,
1462 1468 1503 1498 ut

115 1542 156 1564 20
174 1535 282 1577 puto,
305 1528 465 1578 egregie,
489 1535 643 1566 tantum
667 1535 710 1566 ut
736 1529 904 1566 facerem
929 1534 1120 1577 quantum
1141 1539 1279 1564 omnes
1299 1525 1476 1564 viderent
1494 1541 1504 1573 ,-

173 1600 212 1630 et
231 1592 271 1630 in
293 1592 402 1631 omni
422 1606 586 1640 summa,
609 1600 652 1630 ut
672 1605 821 1639 mones,
844 1593 958 1631 valde
985 1605 1048 1630 me
1068 1592 1119 1629 ad
1139 1590 1264 1629 otium
1284 1604 1502 1640 pacemque

172 1665 369 1696 converto.
431 1658 493 1696 De
539 1657 646 1696 libris
693 1656 894 1707 Tyrannio
941 1663 999 1694 est
1041 1662 1221 1694 cessator.
1281 1655 1503 1705 Chrysippo
1522 1657 1554 1697 6

171 1722 301 1761 dicam
318 1737 329 1771 3
358 1723 428 1761 sed
444 1736 503 1761 res
525 1736 690 1773 operosa
711 1730 768 1761 est
789 1730 826 1761 et
847 1721 1017 1760 hominis
1033 1720 1309 1771 perdiligentis.
1369 1720 1503 1758 Sentio

171 1786 254 1837 ipse
282 1787 348 1838 qui
369 1787 409 1825 in
434 1801 590 1826 summo
617 1786 747 1826 studio
774 1786 871 1825 nihil
894 1788 1099 1836 adsequor.
1160 1786 1222 1823 De
1244 1784 1391 1823 Latinis
1412 1798 1503 1822 vero

113 1864 151 1896 25
173 1865 252 1901 quo
284 1866 347 1890 me
377 1860 526 1890 vertam
555 1851 713 1900 nescio3
753 1851 806 1889 ita
835 1852 1026 1889 mendose
1057 1857 1095 1888 et
1124 1849 1347 1888 scribuntur
1377 1855 1414 1887 et
1443 1862 1504 1886 ve—

171 1924 304 1954 neunt.
382 1917 460 1955 Sed
507 1924 652 1963 tamen,
695 1917 803 1966 quod
846 1914 927 1953 fieri
967 1913 1121 1964 poterit,
1161 1926 1242 1951 non
1286 1914 1499 1963 neglegam.

170 1980 414 2027 †Crebrius†,
439 1988 480 2018 ut
507 1988 597 2018 ante
624 1981 674 2018 ad
701 1987 739 2018 te
766 1978 912 2029 scripsi,
937 1979 1090 2016 Rornae
1119 1984 1188 2024 est,
1212 1984 1250 2015 et
1276 1977 1343 2026 qui
1371 1977 1503 2015 omnia

170 2046 356 2093 †adiurat,
383 2046 527 2084 debere
560 2045 632 2083 tibi
665 2046 778 2083 valde
812 2043 1071 2083 renuntiantr.
1131 2043 1195 2081 Ab
1228 2042 1375 2081 aerario
1406 2049 1502 2092 puto

170 2113 396 2149 confectum
417 2124 501 2149 esse
522 2111 618 2148 dum
638 2110 789 2148 absum.

214 2227 232 2254 4
258 2215 398 2246 debebat
416 2215 509 2246 blan.
530 2227 537 2246 τ
562 2215 661 2246 debet
680 2214 720 2244 M
828 2225 845 2254 7
871 2212 1039 2254 ὑπείροχος
1056 2213 1097 2244 Μ
1210 2223 1248 2243 12
1273 2213 1353 2243 velit
1376 2212 1500 2243 chsen-

170 2259 244 2299 hctg
372 2270 413 2289 20
436 2259 593 2289 viderunt
616 2258 801 2299 H'esenbmg
930 2268 970 2297 25
995 2258 1155 2288 mendose
1169 2257 1404 2288 exscribuntur
1419 2256 1504 2287 Boot

170 2307 319 2332 veneunt
347 2307 446 2333 vem:
480 2303 622 2333 veniunt
650 2302 690 2331 M
906 2311 945 2340 27
972 2301 1146 2342 Crebrius]
1177 2301 1213 2331 C.
1244 2301 1384 2330 Rebilus
1416 2301 1495 2330 coni.

173 2346 291 2376 Orelli:
315 2347 396 2384 sort.
423 2346 560 2376 Cincius
585 2347 621 2382 cf.
645 2355 669 2376 1.
689 2346 709 2374 6
852 2345 894 2374 28
918 2346 1043 2375 adnuat
1070 2345 1114 2375 C:
1147 2344 1234 2374 locus
1256 2344 1499 2373 conflantalus:

160 2390 241 2427 sort.
261 2389 391 2419 adiurat
408 2390 531 2419 debere
549 2389 616 2427 tibi,
633 2388 766 2430 <omnia
783 2388 861 2426 tibi>
879 2389 977 2418 valde
990 2388 1158 2418 renuntiat
1174 2389 1226 2418 (sc.
1247 2387 1280 2417 T.
1295 2387 1444 2426 Anicius,
1462 2387 1500 2426 cf.

174 2441 200 2463 1.
221 2438 276 2471 23)
367 2433 578 2473 renuntiant]
599 2437 631 2462 te
651 2442 737 2462 nunc
756 2432 855 2462 iactat
872 2431 956 2462 Boot
1060 2427 1064 2431 ⁶
1087 2431 1140 2462 Ab
1158 2431 1217 2461 M:
1244 2430 1292 2460 De
1311 2430 1395 2460 Boot
