1871 2782
141 569 159 600 5

124 895 162 918 10

121 1544 161 1567 20

425 187 537 226 EPP.
569 187 648 225 AD
679 187 946 235 QVINTVM
978 187 1252 225 FRATREM
1451 186 1482 224 Ι.
1505 184 1535 222 ii

232 297 310 335 Sed
331 304 507 348 ternpore
527 296 613 348 ipso
639 298 689 336 de
709 295 894 347 epistulis.
955 299 1058 336 Nam
1079 311 1171 336 cum
1199 299 1302 336 hanc
1322 296 1504 348 paginam

179 368 349 400 texerem
377 364 420 401 L.
450 362 616 410 Flavius,
637 370 791 413 praetor
816 362 1052 412 designatus,
1078 364 1129 401 ad
1156 376 1220 401 ine
1243 361 1361 408 venit,
1383 362 1505 400 homo

180 424 276 463 mihi
297 427 410 464 valde
434 426 642 465 familiaris.
702 428 742 465 Is
769 426 865 464 mihi
895 434 932 465 te
956 428 1007 465 ad
1035 434 1304 477 procuratores
1330 439 1422 464 suos
1448 425 1506 463 lit-

180 497 280 527 teras
300 490 461 537 misisse,
484 504 584 541 quae
604 490 701 528 mihi
720 491 825 529 visae
845 499 936 529 sunt
956 490 1235 541 iniquissimae,
1259 504 1308 529 ne
1332 490 1428 540 quid
1454 491 1504 528 de

180 555 305 602 bonis,
329 570 429 606 quae
450 558 492 595 L.
518 555 657 596 Octavi
681 556 853 595 Nasonis
879 556 1042 595 fuissent
1063 555 1126 595 cui
1151 557 1193 594 L.
1218 556 1373 594 Flavius
1393 557 1504 594 heres

179 627 247 666 est,
271 621 554 669 deminuerent‚
577 628 667 660 ante
692 634 811 671 quam
839 622 882 660 C.
908 621 1116 660 Fundanio
1137 620 1346 672 pecuniam
1374 619 1505 658 solvis-

180 692 277 732 sent,
300 685 474 736 itemque
502 686 654 725 misisse
677 688 728 725 ad
749 686 1071 737 Apollonidensis
1102 700 1151 725 ne
1178 687 1228 725 de
1255 685 1380 733 bonis,
1405 697 1505 735 quae

180 750 321 789 Octavi
350 751 523 800 fuissent,
548 751 725 790 deminui
755 759 988 802 paterentur,
1017 752 1122 802 prius
1147 765 1266 802 quam
1297 750 1504 789 Fundanio

179 815 359 854 debitum
385 818 558 854 solutum
584 823 696 855 esset.
757 818 871 856 Haec
891 816 987 854 mihi
1007 816 1086 855 veri
1112 816 1253 855 similia
1273 830 1353 854 non
1374 815 1505 853 viden-

181 888 264 928 tur;
293 888 384 919 sunt
404 882 509 920 enim
529 895 552 920 a
571 881 779 932 prudentia
799 889 865 920 tua
884 880 1152 921 remotissima.
1214 883 1275 920 Ne
1302 879 1505 919 deminuat

180 946 321 984 heres?
377 946 497 995 Quid,
531 947 562 985 si
591 947 806 986 infitiatur?
847 947 954 997 quid,
987 947 1019 985 si
1048 946 1212 986 omnino
1244 961 1324 985 non
1354 946 1505 985 debet?

180 1009 307 1060 quid?
334 1020 489 1061 praetor
509 1013 608 1051 solet
627 1011 800 1051 iudicare
814 1009 980 1051 deberi?
1036 1011 1174 1061 Quid?
1202 1025 1275 1062 ego
1298 1011 1506 1050 Fundanio

180 1089 261 1114 non
299 1077 428 1127 cupio,
461 1091 542 1116 non
580 1077 730 1116 amicus
768 1091 866 1124 sum,
903 1091 983 1116 non
1018 1076 1285 1115 misericordia
1317 1078 1506 1115 moveor?

181 1141 312 1179 Nemo
345 1141 491 1191 magis3
534 1143 604 1180 sed
637 1141 699 1180 via
732 1141 824 1180 iuris
857 1141 941 1180 eius
970 1140 1079 1180 modi
1110 1149 1167 1180 est
1198 1141 1436 1190 quibusdam
1465 1139 1505 1178 in

180 1205 295 1244 rebus
333 1214 376 1244 ut
413 1206 510 1244 nihil
548 1206 597 1244 sit
629 1205 705 1244 loci
739 1206 893 1256 gratiae.
965 1208 1098 1255 Atque
1130 1205 1182 1243 ita
1216 1205 1312 1243 mihi
1349 1205 1506 1244 dicebat

180 1269 335 1308 Flavius
356 1270 541 1321 scripturn
563 1270 603 1308 in
633 1284 679 1309 ea
698 1270 866 1320 epistula
888 1283 1007 1320 quam
1034 1277 1140 1308 tuam
1166 1283 1250 1308 esse
1277 1269 1446 1317 dicebat,
1468 1277 1506 1308 te

178 1341 246 1373 aut
275 1334 387 1384 quasi
419 1334 554 1373 amicis
589 1334 664 1373 tuis
698 1334 837 1385 gratias
870 1342 1049 1373 acturum
1086 1342 1153 1372 aut
1191 1333 1303 1384 quasi
1336 1333 1506 1373 inimicis

178 1398 433 1438 incommoda
455 1400 634 1438 laturum.
694 1398 804 1448 Quid
831 1401 985 1438 multa?
1018 1399 1166 1438 ferebat
1190 1398 1355 1449 graviter
1380 1406 1419 1437 et
1443 1412 1506 1437 ve-

179 1464 383 1502 hementer
419 1477 575 1502 mecum
616 1464 853 1514 querebatur
888 1464 1104 1514 orabatque
1142 1470 1184 1501 ut
1220 1464 1272 1501 ad
1311 1471 1348 1501 te
1386 1476 1505 1513 quam

179 1527 476 1579 diligentissime
507 1529 730 1568 scriberem.
789 1529 911 1578 Quod
942 1529 1043 1568 facio
1075 1536 1113 1568 et
1142 1536 1180 1567 te
1209 1542 1365 1578 prorsus
1394 1530 1508 1568 vehe-

179 1602 330 1632 menter
358 1593 475 1632 etiam
504 1601 623 1644 atque
649 1594 767 1633 etiam
796 1607 892 1644 rogo
921 1601 963 1632 ut
987 1601 1024 1633 te
1053 1593 1369 1644 procuratoribus
1399 1594 1505 1632 Flavi

178 1658 350 1697 remittas
371 1660 421 1697 de
441 1658 711 1698 deminuendo
738 1666 777 1697 et
803 1658 1181 1709 Apollonidensibus
1209 1672 1258 1697 ne
1285 1658 1381 1708 quid
1400 1672 1505 1709 prae-

178 1725 335 1772 scribas,
359 1725 467 1775 quod
491 1732 628 1763 contra
655 1724 832 1763 Flavium
858 1724 916 1772 sit,
939 1724 1117 1775 amplius.
1179 1726 1229 1763 Et
1258 1723 1364 1762 Flavi
1388 1737 1505 1762 causa

179 1798 218 1830 et
237 1790 385 1829 scilicet
409 1789 575 1841 Pompei
595 1790 712 1829 facies
734 1790 876 1829 omnia.
937 1791 1044 1829 Nolo
1064 1789 1218 1828 medius
1239 1789 1354 1828 fidius
1374 1803 1421 1828 ex
1440 1796 1505 1827 tua

147 1870 159 1876 ·
180 1855 319 1895 iniuria
338 1855 378 1894 in
398 1855 508 1894 illum
529 1855 600 1895 tibi
620 1855 820 1895 liberalem
842 1869 905 1894 me
925 1855 1057 1902 videri,
1074 1856 1143 1893 sed
1165 1853 1235 1907 [et]
1257 1862 1294 1892 te
1314 1868 1383 1892 oro
1406 1861 1448 1892 ut
1464 1861 1505 1891 tu

179 1921 262 1972 ipse
289 1921 562 1960 auctoritatem
588 1928 627 1960 et
653 1928 957 1960 monumentum
977 1920 1138 1970 aliquod
1158 1919 1304 1958 decreti
1323 1926 1390 1957 aut
1409 1918 1506 1957 litte-

179 1999 306 2024 rarum
327 1994 480 2024 tuarum
501 1985 697 2035 relinquas
718 1986 826 2035 quod
847 1984 895 2023 sit
915 1986 966 2023 ad
988 1983 1095 2022 Flavi
1115 1996 1196 2021 rem
1218 1990 1256 2022 et
1275 1984 1326 2021 ad
1345 1996 1503 2021 causam

178 2052 523 2089 accommodatum
539 2065 548 2098 3
577 2052 649 2089 fert
669 2050 774 2089 enim
790 2049 953 2100 graviter
968 2051 1089 2088 homo
1106 2057 1143 2088 et
1158 2048 1234 2087 mei
1250 2048 1505 2087 observantis-

180 2114 301 2154 simus
327 2122 366 2154 et
393 2115 451 2153 sui
481 2114 573 2153 iuris
599 2114 879 2165 dignitatisque
906 2113 1077 2153 retinens
1105 2127 1146 2152 se
1174 2114 1280 2163 apud
1310 2120 1348 2152 te
1376 2126 1504 2163 neque

124 2192 138 2208 ·-·
179 2179 351 2217 amicitia
376 2192 449 2217 nec
479 2178 560 2217 iure
589 2178 780 2226 valuisse3
823 2186 871 2225 et,
898 2186 940 2217 ut
977 2178 1125 2228 opinor,
1158 2177 1265 2217 Flavi
1292 2177 1504 2228 aliquando

179 2256 259 2281 rem
280 2250 319 2282 et
339 2242 551 2293 Pompeius
567 2250 606 2282 et
626 2244 770 2283 Caesar
796 2242 867 2282 tibi
887 2243 1215 2281 commendarunt
1235 2249 1274 2281 et
1294 2242 1377 2292 ipse
1396 2243 1447 2281 ad
1467 2249 1504 2281 te

222 2356 242 2376 2
265 2351 415 2377 texerem
433 2346 511 2377 coni.
531 2346 623 2384 Boot,
645 2347 711 2378 coll.
732 2347 826 2378 Fam.
848 2347 890 2379 ix.
911 2357 960 2377 21.
983 2357 996 2376 t
1100 2355 1136 2384 14
1162 2347 1213 2377 via
1234 2346 1289 2378 M:
1316 2347 1367 2377 vis
1385 2346 1508 2377 Malla-

183 2391 221 2420 18
245 2390 567 2420 incommodaturum
586 2390 619 2426 C,
639 2389 705 2421 cod.
726 2389 798 2421 Pal.
820 2401 837 2428 4
908 2395 941 2420 et
958 2390 1108 2420 Ermsti:
1133 2390 1165 2420 id
1183 2390 1243 2420 M:
1269 2390 1368 2429 idque
1382 2390 1499 2422 Lmnb.

177 2443 221 2464 22
246 2433 436 2473 perscribas
454 2433 643 2474 Cratander,
664 2434 751 2474 vulg.
886 2442 926 2472 25
952 2438 984 2464 et
1000 2433 1057 2464 dcl.
1079 2433 1228 2464 Faernus

1528 311 1567 333 10

1527 1414 1560 1434 11
