1871 2782
441 191 553 228 EPP.
584 191 663 228 AD
693 190 960 238 QVINTVM
992 190 1267 227 FRATREM
1465 188 1519 225 ΙΙ.
1537 186 1582 223 iii

188 299 388 350 incidique
417 300 457 338 in
486 313 577 339 eum
607 301 737 338 locum
764 299 805 337 in
827 299 1010 347 dicendo,
1033 312 1124 337 cum
1145 298 1294 338 Sestius
1316 298 1450 337 multis
1475 297 1514 335 in

191 367 339 415 templo
353 364 525 405 Castoris
541 363 765 402 vulneribus
785 363 956 413 acceptis
973 363 1150 402 subsidio
1169 363 1323 402 Bestiae
1342 370 1514 402 servatus

190 437 302 467 esset.
363 429 444 468 Hic
469 430 840 481 προῳκονομησάμην
862 427 1053 477 quiddam
1079 429 1248 478 εὐκαίρως
1274 429 1324 466 de
1349 428 1393 466 iis
1414 441 1514 478 quae

189 494 230 531 in
251 494 420 532 Sestium
440 495 729 544 adparabantur
748 493 921 540 crimina,
945 500 983 531 et
1003 507 1094 532 eum
1122 493 1255 531 ornavi
1276 492 1374 531 veris
1394 492 1514 530 laudi-

152 570 168 600 5
188 559 263 596 bus
285 572 427 609 magno
447 560 617 598 adsensu
637 558 826 597 omnium.
887 559 968 596 Res
989 557 1141 596 homini
1171 557 1242 595 fuit
1263 559 1514 596 vehementer

187 631 303 673 grata.
364 625 478 672 Quae
508 623 579 662 tibi
610 637 658 662 eo
687 622 826 670 scribo,
858 623 967 672 quod
997 636 1060 660 me
1091 623 1142 661 de
1174 621 1379 660 retinenda
1412 621 1511 660 Sesti

186 688 308 737 gratia
326 688 461 727 litteris
481 702 597 738 saepe
618 688 814 726 monuisti.

242 752 371 791 Pridie
393 754 488 791 Idus
509 753 620 791 Febr.
644 754 741 790 haec
762 752 897 802 scripsi
923 760 1014 791 ante
1038 754 1177 791 lucem.
1230 753 1290 790 Eo
1314 751 1378 790 die
1403 752 1509 801 apud
1529 755 1551 793 7

187 817 453 867 Pomponium
474 817 513 854 in
534 817 616 855 eius
637 816 781 866 nuptiis
803 830 908 855 eram
925 825 1142 855 cenaturus.
1199 818 1340 856 Cetera
1360 823 1450 854 sunt
1470 815 1509 853 in

127 894 167 917 10
186 881 302 919 rebus
331 881 472 920 nostris
502 881 616 920 huius
647 882 767 929 modi,
799 887 845 919 nt
869 889 911 919 tu
942 881 1037 919 mihi
1071 883 1150 920 sere
1184 880 1377 919 diffidenti
1406 894 1511 930 prae-

185 945 356 994 dicabas,
389 948 505 996 plena
533 946 731 997 dignitatis
761 955 800 985 et
827 946 997 996 gratiae3
1027 960 1128 996 quae
1157 946 1318 996 quidem
1348 953 1424 992 tua,
1456 945 1509 983 mi

185 1012 312 1058 frater,
326 1011 542 1060 prudentia,
559 1011 756 1061 patientia,
767 1011 917 1058 virtute,
933 1011 1092 1060 pietate,
1105 1010 1294 1049 suavitate
1308 1010 1424 1048 etiam
1439 1010 1508 1048 tibi

184 1075 360 1125 mihique
381 1083 471 1114 sunt
498 1075 683 1114 restituta.
746 1078 899 1114 Domus
922 1076 993 1114 tibi
1013 1077 1064 1114 ad
1085 1077 1215 1113 lacum
1239 1075 1391 1114 Pisonis
1413 1075 1510 1113 Lici-

184 1139 301 1178 niana
321 1142 520 1179 conducta
548 1148 630 1188 est3
659 1141 739 1188 sed,
763 1148 805 1178 ut
825 1153 952 1190 spero,
973 1140 1108 1189 paucis
1129 1139 1330 1178 mensibus
1351 1147 1439 1190 post
1457 1142 1506 1177 K.

126 1217 163 1248 15
185 1204 371 1253 Quintilis
406 1205 446 1242 in
475 1212 583 1243 tuam
612 1204 898 1254 commigrabis.
958 1206 1088 1242 Tuam
1117 1204 1157 1241 in
1188 1204 1340 1243 Carinis
1372 1204 1509 1242 mundi

183 1268 421 1307 habitatores
442 1269 602 1307 Lamiae
623 1269 904 1307 conduxerunt.
955 1270 992 1305 A
1005 1275 1042 1306 te
1056 1275 1144 1318 post
1159 1268 1264 1305 illam
1279 1268 1509 1307 Olbiensem

182 1332 390 1382 epistulam
411 1334 536 1371 nullas
557 1332 702 1371 litteras
722 1332 868 1381 accepi.
919 1332 1028 1381 Quid
1049 1345 1139 1382 agas
1161 1340 1198 1370 et
1219 1340 1260 1370 ut
1278 1339 1314 1370 te
1335 1333 1509 1371 oblectes

182 1397 280 1436 scire
318 1397 436 1448 cupio
475 1397 724 1447 maximeque
762 1405 800 1436 te
838 1397 968 1447 ipsum
1001 1397 1133 1436 videre
1171 1410 1291 1447 quam
1325 1397 1505 1448 primum.

183 1463 298 1510 Cura,
326 1462 380 1501 mi
408 1464 532 1510 frater,
559 1470 602 1501 ut
625 1464 753 1501 valeas
783 1469 832 1510 et,
855 1476 1097 1513 quamquam
1127 1469 1185 1500 est
1212 1462 1349 1510 hiems,
1376 1470 1508 1501 tamen

123 1542 163 1564 20
183 1527 404 1567 Sardiniam
424 1528 539 1567 istam
559 1541 645 1567 esse
665 1527 822 1578 cogites.
882 1539 939 1566 XV
960 1529 1010 1566 K.
1035 1527 1209 1566 Martias.

221 1668 289 1704 IV
485 1671 555 1704 Ser.
575 1671 704 1703 Romae
720 1682 828 1703 mense
843 1670 964 1702 Matilo
980 1682 1010 1703 a.
1032 1673 1096 1712 698
1114 1671 1198 1712 (56).

421 1747 613 1780 MARCVS
638 1749 812 1788 QVINTO
838 1748 1011 1779 FRATRI
1038 1748 1260 1780 SALVTEM.

233 1824 382 1864 Sestius
402 1832 536 1864 noster
555 1825 759 1863 absolutus
781 1832 838 1863 est
858 1839 890 1863 a.
910 1826 947 1864 d.
971 1837 997 1862 v
1018 1826 1114 1864 Idus
1141 1826 1303 1864 Martias
1324 1833 1372 1872 et,
1396 1827 1505 1875 quod
1524 1836 1540 1862 1

177 1891 430 1928 vehementer
450 1888 623 1927 interfuit
643 1889 697 1928 rei
718 1889 899 1939 publicae
919 1890 1068 1927 nullam
1088 1889 1211 1928 videri
1232 1889 1270 1927 in
1292 1890 1374 1928 eius
1396 1891 1503 1928 modi

121 1972 158 2003 25
179 1967 296 1992 causa
327 1953 615 1992 dissensionem
640 1967 734 2000 esse,
763 1953 946 1992 omnibus
974 1953 1176 1992 sententiis
1203 1954 1406 1992 absolutus
1433 1962 1500 1993 est.

180 2020 285 2057 Illud
305 2019 413 2068 quod
438 2017 508 2055 tibi
529 2031 643 2056 curae
670 2031 787 2068 saepe
816 2031 901 2056 esse
921 2017 1185 2057 intellexeram
1208 2032 1257 2057 ne
1278 2019 1341 2057 cui
1368 2019 1503 2069 iniquo

178 2083 486 2132 relinqueremus
525 2081 773 2132 vituperandi
814 2084 945 2121 locum
987 2083 1054 2133 qui
1095 2097 1166 2122 nos
1208 2083 1378 2134 ingratos
1418 2097 1503 2122 esse

177 2147 324 2186 diceret
353 2147 427 2185 nisi
454 2147 555 2185 illius
579 2148 871 2198 perversitatem
901 2148 1138 2199 quibusdam
1169 2149 1207 2187 in
1239 2149 1354 2187 rebus
1384 2162 1501 2199 quam

176 2211 459 2250 humanissime
493 2213 690 2259 ferremus,
725 2212 822 2251 scito
862 2214 937 2251 hoc
976 2227 1047 2252 nos
1079 2213 1119 2252 in
1151 2227 1198 2252 eo
1234 2213 1381 2252 iudicio
1413 2226 1502 2251 con-

116 2291 157 2323 30
176 2284 331 2316 secutos
377 2290 463 2316 esse
505 2284 548 2316 ut
595 2277 773 2316 omnium
819 2278 1026 2328 gratissimi
1073 2279 1334 2318 iudicaremur
1349 2294 1358 2326 3
1408 2292 1500 2317 nam

222 2390 261 2410 10
285 2384 320 2410 ut
336 2379 411 2411 add.
432 2383 500 2411 velt.
661 2391 699 2419 13
722 2380 828 2412 lacum
845 2381 948 2412 Boot:
972 2381 1081 2413 lucum
1095 2380 1232 2423 Mvulg.
1329 2382 1499 2414 Liciniana

174 2422 268 2455 Man.
286 2434 293 2453 :
320 2423 505 2455 Luciniana
522 2421 581 2455 M:
609 2424 794 2455 Lucceiana
811 2424 914 2456 Orclle'
