1871 2782
136 575 153 605 5

117 899 156 922 10

109 2207 149 2237 30

427 194 537 231 EPP.
571 194 648 230 Al)
679 193 944 240 QVINTVM
979 194 1251 231 FRATREM
1456 194 1576 232 11.iii

172 302 403 342 auctoritate
431 306 663 354 †peregerat
677 301 715 353 †)
743 303 812 340 sed
837 309 877 340 ut
905 303 1106 352 peroravit,
1135 303 1295 342 surrexit
1320 303 1494 343 Clodius.

175 368 223 406 Ei
248 376 377 406 tantus
401 370 548 406 clamor
570 381 593 405 a
619 366 759 405 nostris
786 366 999 417 (placuerat
1022 367 1124 405 enim
1157 369 1295 406 referre
1318 367 1497 419 gratiam)

173 440 216 469 ut
237 446 366 482 neque
387 440 518 470 mente
538 445 611 469 nec
638 431 770 481 lingua
796 445 925 481 neque
954 445 1020 469 ore
1051 432 1290 471 consisteret.
1353 435 1411 471 Ea
1439 446 1498 471 res

173 505 260 535 acta
281 505 352 544 est,
372 511 462 534 cum
484 498 579 535 hora
599 504 706 534 sexta
726 495 787 533 vix
810 496 1021 546 Pompeius
1048 505 1274 547 perorasset,
1298 511 1422 547 usque
1448 499 1500 536 ad

174 563 311 599 horam
333 574 421 609 vui,
440 575 531 599 cum
552 560 686 599 omnia
706 560 928 608 maledicta,
949 575 1080 599 versus
1108 562 1280 611 denique
1303 563 1500 601 obscenis-

173 626 261 664 simi
300 627 340 664 in
380 626 564 665 Clodium
604 633 641 664 et
681 625 863 665 Clodiam
903 625 1134 664 dicerentur.
1197 628 1268 664 Ille
1302 628 1432 665 furens
1462 636 1499 666 et

173 692 379 741 exsanguis
406 691 668 741 interrogabat
695 704 786 729 suos
814 690 853 728 in
880 692 1051 729 clamore
1080 690 1166 740 ipso
1191 691 1277 741 quis
1307 700 1408 730 esset
1432 692 1498 742 qui

173 757 331 806 plebem
351 758 454 795 farne
474 764 639 795 necaret.
701 756 1015 806 Respondebant
1042 769 1205 806 operae:
1239 760 1247 776 ‘
1262 757 1499 808 Pompeius.5

175 821 274 869 Quis
312 823 598 860 Alexandream
638 821 692 860 ire
730 829 898 872 cuperet.
978 823 1313 871 Respondebant:
1362 826 1370 842 ‘
1387 824 1500 862 Pom-

174 884 311 936 peius.'
368 888 499 935 Quem
520 886 574 925 ire
594 889 747 925 vellent.
810 887 1146 937 Respondebant:
1176 890 1185 906 ¹
1202 888 1411 927 Crassum.'
1460 889 1498 926 Is

171 953 307 990 aderat
326 959 411 990 tum
433 951 573 990 Miloni
593 951 727 990 animo
747 965 828 990 non
843 951 981 989 amico.
1035 953 1145 990 Hora
1165 953 1243 990 fere
1263 966 1368 991 nona
1388 953 1498 1003 quasi

172 1016 284 1066 signo
304 1018 399 1055 dato
420 1017 602 1056 Clodiani
623 1024 776 1054 nostros
803 1025 1037 1067 consputare
1064 1025 1287 1067 coeperunt.
1348 1019 1499 1057 Exarsit

172 1083 295 1120 dolor.
355 1084 500 1132 Vrgere
533 1082 587 1120 illi
623 1090 664 1120 ut
699 1084 787 1120 loco
822 1095 894 1120 nos
934 1090 1145 1120 moverent.
1206 1084 1348 1121 Factus
1385 1092 1443 1122 est
1476 1097 1500 1121 a

171 1147 314 1185 nostris
336 1146 529 1197 impetus3
557 1148 647 1196 fuga
668 1161 899 1197 operarum3
929 1146 1075 1184 eiectus
1099 1148 1148 1184 de
1169 1147 1299 1185 rostris
1321 1148 1499 1196 Clodius.

171 1225 217 1250 ac
249 1226 321 1250 nos
352 1225 512 1262 quoque
542 1219 626 1249 tum
661 1211 844 1261 sugimus,
870 1225 920 1249 ne
954 1210 1049 1261 quid
1081 1210 1120 1248 in
1151 1211 1272 1249 turba.
1333 1213 1498 1251 Senatus

171 1285 333 1315 vocatus
353 1276 393 1314 in
413 1276 571 1314 curiam.
632 1275 844 1325 Pompeius
874 1277 1050 1314 domum.
1111 1277 1252 1326 Neque
1272 1290 1346 1326 ego
1366 1285 1497 1316 tamen

171 1341 211 1379 in
232 1349 422 1387 senatum,
445 1354 496 1379 ne
514 1348 582 1379 aut
601 1342 652 1379 de
676 1340 793 1378 tantis
823 1340 938 1378 rebus
967 1348 1135 1378 tacerem
1158 1348 1225 1378 aut
1246 1341 1285 1378 in
1307 1342 1498 1392 Pompeio

170 1408 424 1446 defendendo
446 1405 554 1457 (nam
576 1405 608 1444 is
628 1406 859 1456 carpebatur
878 1419 901 1444 a
924 1405 1080 1453 Bibulo,
1102 1406 1289 1454 Curione,
1310 1407 1497 1455 Favonio,

171 1471 333 1510 Servilio
353 1471 450 1521 filio)
471 1470 625 1509 animos
646 1471 840 1509 bonorum
862 1470 1031 1508 virorum
1053 1473 1304 1517 offenderem.
1356 1473 1437 1511 Res
1457 1472 1497 1510 in

171 1545 371 1588 posterum
391 1537 511 1575 dilata
530 1544 598 1575 est.
659 1536 824 1575 Clodius
845 1536 885 1574 in
907 1536 1124 1585 Quirinalia
1144 1536 1311 1587 prodixit
1331 1537 1448 1577 diem.

224 1605 270 1641 A.
290 1603 326 1640 d.
351 1615 408 1640 V11
431 1604 489 1640 Id.
515 1603 626 1640 Febr.
649 1609 807 1640 senatus
827 1603 878 1640 ad
900 1601 1094 1652 Apollinis
1115 1602 1196 1648 suit,
1220 1610 1262 1640 ut
1284 1602 1495 1653 Pompeius
1515 1611 1538 1648 3

168 1669 333 1706 adesset.
393 1669 494 1705 Acta
526 1681 585 1706 res
616 1676 673 1705 est
705 1666 869 1717 graviter
898 1681 922 1704 a
954 1667 1154 1717 Pompeio.
1216 1669 1276 1706 Eo
1305 1667 1370 1706 die
1399 1668 1495 1706 nihil

169 1735 385 1783 perfectum
405 1741 473 1771 est.
532 1734 578 1770 A.
598 1735 635 1771 d.
660 1745 699 1770 vl
723 1734 781 1770 Id.
807 1733 917 1771 Febr.
941 1733 992 1770 ad
1013 1732 1207 1782 Apollinis
1228 1740 1386 1771 senatus
1405 1746 1495 1772 con-

168 1799 314 1835 sultum
341 1800 487 1836 factum
512 1806 570 1836 est
596 1812 643 1836 ea
666 1812 768 1848 quae
795 1799 896 1836 facta
926 1805 1057 1836 essent
1084 1811 1115 1835 a.
1136 1799 1171 1835 d.
1197 1810 1270 1835 vm
1294 1799 1352 1836 Id.
1381 1799 1491 1837 Febr.

112 1874 147 1895 2·
168 1871 305 1901 contra
333 1878 415 1902 rem
442 1864 641 1914 publicam
668 1877 753 1901 esse
781 1852 892 1901 fac-ta.
955 1864 1015 1901 Eo
1036 1862 1100 1901 die
1123 1864 1224 1901 Cato
1244 1864 1496 1902 vehementer

167 1937 226 1967 est
255 1928 294 1966 in
325 1929 558 1979 Pompeium
589 1928 764 1966 invectus
794 1936 832 1966 et
861 1942 951 1966 eum
982 1927 1158 1965 oratione
1188 1936 1376 1978 perpetua
1401 1936 1496 1967 tam-

167 2008 287 2044 quam
319 2008 427 2032 reum
457 1994 679 2042 accusavit3
708 1995 758 2031 de
791 2008 853 2032 me
888 1997 1009 2032 multa
1043 2008 1106 2032 me
1139 1993 1260 2031 invito
1289 2007 1380 2032 cum
1408 2007 1494 2033 mea

168 2073 322 2097 summa
342 2061 457 2098 laude
481 2059 604 2107 dixit3
633 2073 723 2098 cum
749 2060 850 2098 illius
877 2060 915 2097 in
942 2074 1003 2098 me
1032 2059 1235 2110 perfidiam
1264 2059 1490 2110 increparet,

166 2125 323 2164 auditus
339 2133 398 2163 est
414 2139 557 2175 magno
573 2126 728 2164 silentio
745 2128 1035 2164 malevolorum.
1091 2125 1313 2176 Respondit
1329 2125 1365 2164 ei
1381 2127 1493 2164 vehe—

168 2200 319 2229 menter
357 2191 569 2241 Pompeius
608 2193 873 2242 Crassumque
907 2192 1111 2242 descripsit
1147 2191 1322 2241 dixitque
1359 2200 1492 2241 aperte

166 2270 208 2295 se
240 2256 489 2295 munitiorem
528 2258 578 2294 ad
616 2257 917 2295 custodiendam
950 2258 1067 2296 vitam
1108 2272 1217 2296 suam
1259 2258 1340 2295 fore
1373 2270 1492 2306 quam

213 2366 225 2385 1
253 2355 460 2395 perfregerant
480 2357 669 2388 Gulielnms.
686 2358 722 2396 cs·
739 2358 830 2388 Orat.
847 2368 887 2396 97
903 2369 909 2388 z
934 2368 1070 2398 semper
1087 2365 1200 2397 egerat
1215 2359 1308 2391 Man.
1328 2372 1333 2390 ς
1359 2370 1494 2400 semper

168 2400 282 2430 Lamb.
300 2411 306 2429 ε
332 2401 463 2440 peregit
479 2401 609 2430 Kavser
694 2412 737 2431 20
761 2407 930 2440 posterum
948 2402 1035 2432 diem
1059 2401 1257 2442 lVesenbm‘g,
1272 2403 1330 2434 scd
1343 2404 1380 2443 cJ‘.⁸
1395 2404 1491 2435 Fam

166 2454 197 2473 x.
222 2453 269 2473 12.
289 2453 309 2481 3
440 2454 478 2474 21
505 2454 554 2473 V11
574 2444 691 2474 illam:
717 2455 751 2474 VI
771 2443 811 2473 M
939 2456 978 2483 24
1004 2455 1066 2474 vm
1085 2445 1200 2476 Mam:
1227 2456 1261 2476 w
1281 2446 1320 2476 M
1450 2458 1492 2488 29

165 2487 196 2517 ei
214 2487 434 2518 vehementer
451 2486 528 2518 M2:
551 2487 728 2518 evidenter
743 2487 796 2518 M¹
813 2500 819 2518 :
846 2488 874 2518 ci
894 2489 1039 2519 fidenter
1055 2488 1182 2528 Kayser
