1871 2782
129 867 167 889 10

127 1518 166 1540 20

126 2166 164 2196 30

402 163 956 203 COMMENTARIOLVM
989 162 1311 200 PETITIONIS
1470 161 1498 198 6
1519 175 1552 197 21

191 275 402 321 voluntate,
433 275 826 313 animadvertendum
858 281 915 312 est
944 287 1063 323 quem
1097 275 1147 312 ad
1179 274 1341 312 modum
1374 273 1516 323 cuique

191 340 330 377 horum
351 339 481 389 generi
497 339 545 377 sit
564 338 865 377 inserviendum.
926 338 1102 376 Minimis
1124 338 1323 376 beneficiis
1337 338 1516 376 homines

189 404 441 442 adducuntur
466 411 507 442 ut
537 404 628 441 satis
658 417 797 442 causae
827 410 966 453 putent
995 416 1079 440 6556
1109 404 1158 440 ad
1187 402 1359 440 studium
1387 404 1516 441 suffra-

189 468 366 517 gationis,
390 470 537 507 nedum
561 468 587 506 ii
613 468 756 518 quibus
784 467 898 506 saluti
925 467 1039 513 suisti,
1064 480 1163 516 quos
1191 475 1231 504 tu
1257 467 1378 505 habes
1402 467 1515 517 pluri-

190 546 285 579 11105,
323 547 403 571 non
441 533 677 583 intellegant,
718 532 749 570 si
783 533 859 570 hoc
893 539 961 570 tuo
1000 540 1176 581 tempore
1210 531 1280 570 tibi
1312 545 1391 570 non
1424 532 1513 570 satis

188 598 360 644 fecerint,
383 612 423 636 se
450 599 634 648 probatos
661 597 809 636 nemini
836 610 1023 647 umquam
1051 598 1141 635 fore.
1203 597 1323 645 Quod
1351 610 1439 634 cum
1462 596 1513 634 ita

187 662 246 708 sit,
269 670 399 701 tamen
422 663 583 713 rogandi
605 670 694 700 sunt
714 670 832 712 atque
860 662 976 701 etiam
1007 662 1046 700 in
1071 663 1173 700 hanc
1200 661 1428 712 opinionem
1449 663 1511 700 ad-

186 728 359 766 ducendi
393 736 435 766 ut
473 729 539 778 qui
572 730 702 767 adhuc
737 728 851 766 nobis
890 727 1049 777 obligati
1084 727 1225 765 fuerint
1263 727 1308 765 iis
1342 726 1511 765 vicissim

186 805 258 830 nos
279 792 440 842 obligari
454 807 568 842 posse
588 793 800 831 videamur.
859 792 939 841 Qui
959 800 1090 831 autem
1107 806 1175 842 spe
1196 799 1386 839 tenentur,
1403 793 1511 841 quod
1534 806 1570 826 22

185 869 308 905 genus
330 856 535 895 hominum
551 860 675 896 multo
696 858 812 896 etiam
833 865 891 895 est
911 857 1136 907 diligentius
1156 865 1274 907 atque
1287 856 1510 903 officiosius,

186 920 230 958 iis
253 922 312 959 fac
326 929 367 959 ut
384 922 628 972 propositum
644 937 689 961 ac
706 931 883 973 paratum
897 922 1083 960 auxilium
1098 930 1208 960 'tuum
1223 935 1307 960 esse
1323 921 1509 968 videatur,

185 986 358 1036 denique
389 995 430 1025 ut
460 995 719 1037 spectatorem
749 996 787 1026 te
816 987 1033 1026 officiorum
1063 1001 1147 1026 esse
1176 987 1403 1037 intellegant
1431 986 1513 1026 dili-

184 1059 353 1100 gentem,
386 1060 427 1090 ut
457 1052 588 1090 videre
617 1061 654 1090 te
688 1055 804 1102 plane
836 1060 955 1102 atque
983 1052 1292 1091 animadvertere
1321 1059 1513 1102 quantum

185 1129 208 1153 a
237 1130 396 1166 quoque
423 1117 690 1167 proficiscatur
717 1125 912 1168 appareat.
971 1117 1148 1155 Tertium
1178 1116 1274 1155 illud
1303 1130 1426 1166 genus
1456 1124 1514 1154 est
1538 1127 1575 1157 23

188 1179 439 1234 [studiorum]
474 1181 747 1228 voluntarium,
780 1183 889 1231 quod
921 1181 1083 1231 agendis
1116 1181 1256 1231 gratiis,
1292 1194 1512 1227 accommo-

186 1246 326 1284 dandis
342 1247 587 1285 sermonibus
601 1248 651 1285 ad
665 1260 729 1285 eas
743 1246 922 1292 rationes,
933 1253 1091 1296 propter
1104 1259 1201 1295 quas
1215 1245 1381 1295 quisque
1394 1245 1513 1284 studi-

185 1324 277 1348 osus
298 1311 353 1348 tui
374 1325 458 1350 esse
479 1310 684 1359 videbitur,
704 1311 960 1362 significanda
980 1325 1069 1361 erga
1089 1311 1175 1349 illos
1195 1311 1277 1361 pari
1298 1313 1509 1358 voluntate,

184 1376 421 1414 adducenda
449 1374 620 1414 amicitia
646 1376 685 1414 in
713 1390 824 1427 spem
854 1376 1123 1414 familiaritatis
1147 1383 1186 1414 et
1215 1376 1511 1415 consuetudinis

185 1441 406 1479 confirmari
426 1442 633 1491 oportebit.
692 1445 825 1492 Atque
845 1441 885 1479 in
901 1441 960 1479 his
981 1441 1166 1480 omnibus
1187 1441 1394 1491 generibus
1415 1440 1511 1480 iudi-

185 1514 273 1544 cato
287 1514 324 1544 et
345 1506 578 1557 perpendito
600 1515 792 1557 quantum
814 1507 980 1557 quisque
1001 1507 1133 1557 possit,
1150 1514 1192 1545 ut
1213 1506 1311 1545 scias
1332 1514 1370 1545 et
1390 1520 1507 1557 quem

183 1572 234 1608 ad
260 1572 423 1609 modum
450 1572 593 1621 cuique
619 1571 804 1610 inservias
829 1579 867 1610 et
893 1571 989 1621 quid
1013 1585 1036 1609 a
1056 1585 1215 1621 quoque
1242 1579 1442 1621 exspectes
1462 1585 1508 1610 ac

182 1637 366 1684 postules.
426 1637 524 1674 Sunt
551 1636 656 1674 enim
677 1636 837 1686 quidam
864 1636 1045 1675 homines
1071 1636 1111 1674 in
1138 1636 1217 1675 suis
1243 1636 1507 1675 vicinitatibus
1530 1649 1569 1680 24

183 1707 220 1738 et
241 1700 463 1750 municipiis
482 1700 650 1751 gratiosi,
673 1709 763 1739 sunt
783 1701 989 1751 diligentes
1010 1709 1047 1740 et
1069 1701 1230 1751 copiosi,
1253 1701 1319 1751 qui
1340 1701 1455 1740 etiam
1478 1701 1509 1739 si

182 1773 298 1804 antea
327 1780 408 1804 non
435 1768 669 1805 studuerunt
693 1766 784 1805 huic
814 1767 968 1817 gratiae,
992 1774 1124 1805 tamen
1155 1780 1201 1804 ex
1231 1774 1407 1816 tempore
1437 1768 1510 1804 ela-

151 1844 162 1851 *
184 1831 321 1869 borare
360 1830 442 1869 eius
476 1845 595 1869 causa
629 1830 691 1869 cui
731 1832 878 1869 debent
912 1839 978 1869 aut
1012 1833 1149 1869 volunt
1188 1831 1300 1869 facile
1331 1838 1506 1880 possunt.

185 1895 261 1933 His
293 1895 500 1933 hominum
531 1895 739 1945 generibus
772 1896 827 1934 sic
859 1895 1151 1934 inserviendum
1184 1903 1242 1934 est
1274 1903 1316 1933 ut
1348 1895 1422 1945 ipsi
1457 1895 1510 1933 in-

184 1961 368 2010 tellegant
402 1968 438 1998 te
468 1959 599 1998 videre
630 1960 726 2009 quid
757 1974 780 1998 a
809 1973 968 2009 quoque
999 1968 1211 2010 exspectes,
1241 1960 1384 1998 sentire
1413 1960 1509 2010 quid

183 2025 361 2075 accipias,
395 2025 619 2063 meminisse
650 2024 745 2074 quid
774 2025 981 2075 acceperis.
1042 2027 1140 2063 Sunt
1174 2032 1305 2063 autem
1335 2025 1410 2072 alii,
1442 2025 1510 2075 qui

182 2098 249 2128 aut
283 2090 379 2128 nihil
410 2097 575 2140 possunt
607 2097 674 2127 aut
703 2090 821 2128 etiam
851 2090 944 2128 odio
973 2098 1064 2128 sunt
1093 2090 1300 2128 tribulibus
1330 2089 1408 2128 suis
1437 2103 1511 2128 nec

183 2155 331 2193 habent
355 2163 507 2193 tantum
528 2154 648 2193 animi
669 2168 714 2193 ac
736 2154 928 2193 facultatis
959 2162 1000 2193 ut
1025 2155 1222 2194 enitantur
1248 2169 1295 2193 ex
1321 2162 1507 2204 tempore.

231 2270 268 2289 12
293 2269 427 2289 suorum
445 2258 628 2289 officiorum
646 2258 716 2289 dett.
826 2269 863 2296 14
888 2258 1119 2297 proficiscatur
1136 2257 1175 2288 Η
1192 2258 1261 2290 dett.
1280 2270 1286 2288 :
1316 2259 1511 2298 proficiatur

185 2302 231 2333 F:
259 2303 454 2341 perficiatur
471 2302 627 2332 Baclzeler
777 2301 858 2332 illud
876 2302 926 2331 F:
951 2303 982 2331 id
1001 2302 1056 2333 H:
1081 2302 1141 2333 del.
1159 2302 1308 2332 Balarus
1472 2312 1510 2341 15

184 2346 372 2375 studiorum
395 2345 452 2376 del.
472 2345 628 2376 Biidteler
640 2345 810 2375 Bc'ilzrens:
836 2345 1060 2376 studiosorum
1079 2345 1168 2375 Koch
1291 2356 1333 2377 20
1351 2346 1513 2386 posterius

184 2394 217 2420 et
238 2388 278 2419 H
291 2389 364 2421 dell.
381 2400 387 2419 :
413 2399 477 2420 om.
498 2389 532 2419 F
656 2399 699 2429 30
723 2399 761 2420 ac
779 2388 863 2420 FH:
889 2394 945 2419 aut
963 2388 1033 2420 dett.
1054 2389 1139 2430 vulg.
