1871 2782
636 182 747 220 EPP.
779 182 857 219 AD
889 183 1124 220 BRVTVM
1496 184 1549 221 II.
1568 183 1597 220 ii

212 290 265 330 rei
288 290 467 341 publicae
494 291 571 330 iam
598 293 716 330 credo
746 291 817 330 tibi
847 306 892 330 ex
923 300 1078 330 tuorum
1108 292 1242 331 litteris
1270 306 1354 331 esse
1385 306 1538 343 perspe-

212 364 330 394 ctum.
391 358 475 394 Nos
502 356 739 406 exspectatio
769 356 963 404 sollicitat,
985 361 1136 406 lquael·
1160 365 1217 395 cst
1238 357 1365 396 omnis
1392 357 1468 395 iam
1497 357 1535 395 in
1556 367 1580 395 2

212 428 428 458 extremum
467 421 638 458 adducta
676 420 898 458 discrimen.
921 413 930 422 ’
960 423 1030 459 Est
1068 421 1173 460 enim
1213 435 1301 472 spes
1336 422 1463 460 omnis
1496 422 1535 460 in

212 486 334 522 Bruto
369 484 627 535 expediendO,
659 486 710 523 de
744 498 824 535 quo
857 487 1110 524 vehementer
1144 486 1389 525 timebamus.
1451 489 1535 537 Ego
1555 493 1579 530 3

174 559 190 589 5
211 549 274 587 hic
295 562 385 587 cum
407 549 568 587 homine
588 548 734 588 furioso
759 549 850 588 satis
879 551 1007 589 habeo
1036 551 1177 600 negoti,
1202 552 1387 600 Servilio3
1417 565 1535 602 quem

210 613 279 651 tuli
310 614 455 652 diutius
486 627 604 663 quam
632 613 799 663 dignitas
827 628 914 653 mea
938 615 1167 665 patiebatur,
1197 617 1266 654 sed
1292 616 1361 654 tuli
1390 615 1443 654 rei
1470 629 1537 666 pu-

210 677 336 716 blicae
370 692 496 725 causa,
533 692 583 716 ne
622 679 755 717 darem
798 679 958 729 perditis
990 679 1139 718 civibus
1164 679 1365 718 hominem
1400 693 1536 730 parurn

209 755 347 780 sanum
369 742 478 780 illum
500 742 662 792 quidem
684 744 754 781 sed
783 751 914 782 tamen
943 743 1117 782 nobilem
1145 758 1224 794 quo
1248 752 1533 791 concurrerent,

210 807 318 855 quod
348 806 495 844 faciunt
523 807 646 845 nihilo
675 807 831 854 minus3
861 809 930 846 sed
958 822 1048 846 eum
1074 808 1327 847 alienandum
1354 822 1377 847 a
1403 822 1443 847 re
1470 822 1536 859 pu-

151 886 192 909 10
209 869 311 908 blica
326 884 405 909 non
422 872 621 921 putabam.
670 871 808 909 Finem
826 872 899 909 feci
913 872 994 910 eius
1015 873 1174 911 ferendi.
1220 874 1413 923 Coeperat
1430 872 1534 911 enim

209 947 293 973 esse
315 942 422 974 tanta
437 936 646 974 insolentia
660 943 701 974 ut
718 936 917 974 nerninem
939 936 1104 974 liberum
1121 938 1291 975 duceret.
1338 938 1385 975 In
1401 937 1535 975 Planci

207 1013 299 1038 vero
320 1013 438 1038 causa
458 1000 597 1038 exarsit
620 1000 838 1039 incredibili
860 1001 995 1039 dolore
1017 1014 1252 1051 mecumque
1276 1015 1345 1051 per
1367 1001 1533 1039 biduum

208 1063 260 1101 ita
285 1065 490 1103 contendit
515 1072 553 1103 et
572 1078 595 1102 a
620 1079 682 1103 me
710 1064 763 1102 ita
790 1066 932 1102 fractus
959 1072 1016 1103 est
1043 1072 1086 1103 ut
1112 1078 1202 1103 eum
1232 1065 1271 1102 in
1301 1072 1533 1115 perpetuum

209 1129 488 1168 modestiorem
510 1143 662 1180 sperem
684 1131 776 1167 fore.
837 1131 969 1179 Atque
995 1129 1035 1167 in
1059 1131 1133 1168 hac
1160 1130 1414 1168 contentione
1438 1129 1531 1179 ipsa,

152 1209 188 1240 15
207 1207 299 1232 cum
321 1194 490 1232 maxime
514 1207 573 1232 res
598 1201 784 1244 ageretur,
807 1207 839 1231 a.
864 1195 899 1231 d.
926 1206 950 1230 v
972 1195 1068 1232 Idus
1089 1194 1233 1242 Aprilis
1263 1193 1411 1232 litterae
1439 1193 1534 1231 mihi

207 1258 246 1296 in
276 1267 414 1297 senatu
441 1258 618 1297 redditae
647 1265 738 1296 sunt
761 1271 784 1295 a
804 1259 974 1295 Lentulo
1004 1265 1138 1296 nostro
1169 1258 1218 1296 de
1240 1257 1389 1304 Cassio,
1412 1259 1462 1295 de
1486 1259 1535 1296 16-

207 1323 402 1373 gionibus,
425 1324 475 1361 de
501 1322 619 1372 Syria.
680 1323 789 1370 Quas
817 1321 946 1359 statim
975 1335 1065 1359 curn
1096 1321 1370 1369 recstavissem,
1393 1321 1536 1360 cecidit

207 1387 402 1434 Servilius,
426 1388 648 1437 complures
677 1394 877 1435 praeterea
891 1401 901 1433 3
935 1393 1026 1424 sunt
1053 1385 1158 1424 enirn
1186 1385 1357 1436 insignes
1387 1386 1536 1436 aliquot

207 1452 275 1502 qui
299 1451 588 1503 improbissime
616 1451 799 1489 sentiunt.
860 1452 938 1490 Sed
964 1450 1215 1490 acerbissime
1242 1451 1329 1489 tulit
1353 1451 1536 1490 Servilius

150 1533 190 1556 20
207 1519 421 1556 adsensum
446 1531 530 1556 esse
558 1516 654 1554 mihi
678 1518 728 1555 de
750 1517 907 1554 Planco.
969 1517 1160 1567 Magnum
1191 1515 1288 1555 illud
1317 1523 1536 1555 monstrum

207 1582 248 1620 in
268 1596 308 1621 re
329 1582 487 1633 publica
507 1589 575 1629 est,
599 1582 669 1620 sed
690 1594 769 1632 quo
793 1596 811 1616 *
835 1595 853 1616 *
878 1596 909 1619 *.

250 1700 323 1735 ῙῙῙ
348 1703 395 1745 [V
411 1708 445 1734 et
464 1703 532 1746 111]
623 1703 690 1736 Scr.
709 1703 874 1744 Dyrrachi
886 1703 928 1735 K.
948 1704 1033 1745 Apr.
1055 1715 1084 1736 a.
1107 1714 1161 1744 711
1181 1704 1260 1744 (45).

591 1781 774 1812 BRVTVS
799 1781 1027 1812 CICERONI
1054 1781 1149 1813 SAL.

262 1860 428 1898 Litteras
455 1867 541 1898 tuas
565 1861 679 1898 valde
704 1868 898 1910 exspecto,
923 1873 1020 1910 quas
1048 1858 1233 1909 scripsisti
1259 1866 1348 1909 post
1375 1858 1533 1898 nuntios
1553 1868 1570 1895 1

149 1939 187 1971 25
207 1933 426 1963 nostrarum
450 1938 577 1963 rerum
605 1932 643 1963 et
673 1926 723 1963 de
750 1933 875 1963 morte
895 1923 1080 1963 Treboni.
1142 1925 1235 1961 Non
1262 1923 1367 1962 enim
1394 1923 1533 1962 dubito

207 1990 302 2040 quin
336 1989 432 2028 mihi
467 1989 675 2027 consilium
713 1996 825 2027 tuum
863 1988 1043 2039 explices.
1104 1988 1275 2037 Indigno
1313 1989 1457 2026 scelere
1496 1994 1534 2026 et

206 2055 332 2094 civem
365 2054 559 2105 optimum
590 2053 793 2092 amisimus
827 2062 865 2092 et
897 2053 1119 2104 provinciae
1153 2052 1401 2103 possessione
1432 2052 1534 2103 pulsi

251 2169 270 2188 2
293 2157 395 2197 quae‘]
414 2168 480 2197 quo
505 2158 536 2187 in
562 2157 636 2188 loco
660 2157 747 2196 apud
773 2156 934 2187 Mutinam
959 2156 1003 2186 sit
1027 2166 1081 2186 res
1104 2166 1189 2194 quae
1213 2155 1340 2190 Schelle,
1367 2165 1454 2184 more
1475 2165 1535 2184 suo

207 2202 326 2232 lineam
343 2201 502 2231 inserendi
523 2201 638 2240 viginti
658 2211 714 2230 Sex
737 2201 919 2230 litterarum
1063 2210 1101 2229 21
1129 2200 1187 2229 sed
1206 2199 1288 2239 quo]
1315 2202 1388 2228 ante
1408 2197 1534 2227 lVescn-

207 2245 354 2285 betgium
371 2244 431 2285 Ep.
451 2244 486 2274 iii
495 2245 588 2275 verba
604 2244 781 2274 continebat
795 2243 835 2273 ab
847 2244 906 2273 sed
923 2253 988 2281 quo
1005 2253 1065 2273 nos
1078 2243 1229 2272 amisisse
1243 2253 1249 2277 ;
1273 2252 1372 2280 quern
1386 2241 1434 2271 sic
1453 2250 1495 2279 i3.
1513 2249 1533 2278 5

208 2289 227 2319 I.
249 2290 304 2326 255
321 2298 422 2327 usque
439 2287 486 2318 ad
508 2287 720 2326 Dyrrhachio
744 2289 788 2325 (3.
809 2288 830 2316 6
851 2287 872 2317 l.
890 2288 924 2324 3‘)
943 2298 949 2316 ε
973 2286 1031 2323 Ep.
1052 2287 1084 2316 iv
1098 2286 1139 2316 ab
1158 2286 1250 2316 Datis
1272 2295 1369 2314 mane
1386 2284 1432 2314 cul
1453 2284 1532 2314 mihi

209 2333 320 2369 crede,
352 2342 419 2361 non
445 2332 509 2361 erit
536 2331 584 2361 Id.
608 2331 689 2370 Apr.
717 2332 758 2369 (4.
787 2340 807 2368 3
830 2330 849 2360 l.
876 2335 952 2367 25¹¹:
985 2329 1045 2369 Ep.
1075 2339 1095 2358 v
1118 2328 1160 2359 ab
1185 2328 1327 2358 Litteras
1354 2332 1426 2357 tuas
1452 2328 1493 2366 (3.
1517 2336 1530 2356 1

209 2374 228 2405 l.
249 2377 303 2412 24¹>
323 2374 369 2404 ad
382 2375 497 2405 Asiam
518 2376 562 2413 (3,
577 2383 595 2412 5
614 2374 632 2404 l.
647 2374 702 2412 25)
722 2374 775 2403 cui
787 2373 995 2412 coniungitur
1008 2378 1040 2403 at
1059 2372 1091 2402 in
1109 2371 1223 2402 Asiam
1240 2371 1286 2400 ad
1299 2375 1434 2401 acturus
1453 2373 1499 2409 (4.
1514 2380 1534 2408 3

210 2417 240 2448 ll.
268 2419 319 2456 26,
340 2424 395 2456 27)
415 2429 421 2448 :
444 2417 505 2457 Ep.
524 2418 559 2447 vi
578 2417 618 2447 ab
642 2417 741 2456 Quod
770 2427 870 2455 egere
899 2419 944 2455 (4.
973 2427 992 2454 4
1021 2416 1041 2448 l.
1062 2415 1116 2454 27}
1143 2414 1190 2444 ad
1210 2415 1298 2454 diligi
1324 2415 1368 2454 (4.
1386 2415 1406 2443 6
1423 2414 1442 2444 l.
1463 2414 1531 2455 23).

209 2461 243 2490 F
240 2461 303 2491 olia
321 2460 387 2491 duo
403 2461 563 2501 archetypi
576 2461 683 2491 locum
701 2461 784 2490 inter
797 2471 829 2491 se
845 2463 1060 2490 comnmtasse
1075 2458 1226 2490 videntur
