1871 2782
279 147 389 186 III.i
701 145 756 182 M.
789 144 957 181 TVLLI
989 142 1296 182 CICERONIS

294 236 321 272 6

282 303 321 336 19

276 908 316 930 20

273 1231 309 1254 21

396 250 499 288 Cum
520 245 761 297 scripsissem
782 247 879 285 haec
900 245 1035 284 infima
1056 260 1156 296 quae
1178 253 1268 284 sunt
1295 259 1382 284 mea
1407 259 1538 293 manu,
1560 245 1666 286 venit

340 314 391 351 ad
412 326 484 351 nos
505 312 646 352 Cicero
667 319 755 350 tuus
775 313 826 350 ad
847 325 998 358 cenam,
1021 325 1111 350 cum
1133 310 1354 361 Pomponia
1380 310 1472 349 foris
1496 319 1662 351 cenaret.

341 377 461 416 Dedit
495 377 591 415 mihi
624 376 832 427 epistulam
866 377 1073 426 legendam
1113 384 1232 423 tuam,
1266 389 1385 426 quarn
1419 377 1537 425 paulo
1574 384 1666 415 ante

337 449 552 492 acceperat,
576 441 866 491 Aristophaneo
894 442 1016 480 modo
1042 442 1156 480 valde
1185 454 1248 479 sne
1268 442 1426 479 hercule
1446 448 1484 479 et
1505 454 1665 479 suavem

335 514 373 544 et
404 520 588 556 gravem3
629 520 707 557 qua
738 520 825 544 sum
856 507 1075 545 admodum
1107 507 1333 544 delectatus.
1395 505 1516 544 Dedit
1547 505 1664 544 etiam

335 572 496 610 alteram
518 571 624 609 illam
649 570 755 618 mihi,
779 584 857 621 qua
883 570 994 609 iubes
1019 584 1110 609 eum
1135 570 1231 608 mihi
1258 584 1343 609 esse
1369 571 1543 609 adfixum
1571 578 1665 608 tam-

336 649 455 685 quam
491 635 685 686 magistro.
746 637 877 684 Quam
913 635 1022 673 illum
1058 634 1247 685 epistulae
1280 634 1367 673 illae
1407 635 1661 682 delectarunt,

335 713 453 750 quam
476 704 562 738 mel
621 700 730 738 Nihil
756 713 878 750 puero
900 699 966 737 illo
993 699 1160 746 suavius,
1184 699 1280 737 nihil
1307 699 1429 737 nostri
1454 699 1661 737 amantius.

337 767 431 803 Hoc
470 765 569 804 inter
607 778 747 804 cenam
786 764 923 802 Tironi
963 764 1116 811 dictavi,
1159 777 1209 802 ne
1254 763 1392 802 mirere
1430 763 1506 802 alia
1544 777 1664 802 manu

336 842 431 867 esse.

388 893 533 931 Annali
566 901 764 944 pergratae
800 894 949 932 litterae
980 901 1070 932 tuae
1101 895 1267 940 fuerunt,
1298 894 1407 943 quod
1437 900 1476 932 et
1510 907 1662 932 curares

335 959 384 996 de
419 972 459 996 se
494 958 700 1008 diligenter
734 965 771 996 et
811 965 943 996 tamen
983 958 1149 996 consilio
1183 972 1225 996 se
1258 957 1459 996 verissimo
1498 957 1658 996 iuvares.

335 1026 374 1062 P.
399 1024 582 1062 Servilius
604 1031 713 1074 pater
734 1038 780 1062 ex
804 1023 950 1070 litteris,
975 1037 1071 1073 quas
1093 1023 1167 1061 sibi
1187 1037 1211 1061 a
1231 1024 1398 1063 Caesare
1419 1022 1555 1061 missas
1577 1036 1661 1061 esse

333 1089 500 1135 dicebat,
524 1089 716 1139 significat
736 1090 851 1127 valde
878 1096 916 1127 te
943 1088 1017 1127 sibi
1043 1095 1196 1138 gratum
1223 1087 1361 1126 secisse
1388 1089 1497 1138 quod
1517 1089 1568 1126 de
1592 1101 1661 1126 sua

332 1155 533 1192 voluntate
581 1168 670 1204 erga
708 1156 917 1193 Caesarem
963 1152 1246 1192 humanissime
1285 1152 1660 1203 diligentissimeque
1703 1165 1718 1196 ζ

332 1220 486 1257 locutus
535 1232 649 1257 esses.
728 1220 831 1258 Cum
871 1220 1044 1256 Romam
1092 1232 1139 1256 ex
1176 1217 1356 1267 Arpinati
1403 1217 1658 1264 revertissem,

332 1284 483 1322 dictum
504 1283 599 1322 mihi
621 1291 679 1322 est
702 1283 1006 1334 Hippodamum
1030 1283 1081 1321 ad
1103 1290 1140 1321 te
1164 1284 1383 1332 profectum
1412 1296 1506 1321 esse.
1568 1283 1660 1320 Non

330 1362 491 1399 possum
522 1349 690 1387 scribere
724 1362 787 1387 me
819 1348 1001 1386 miratum
1033 1361 1118 1386 esse
1147 1347 1256 1386 illum
1287 1355 1366 1386 tam
1396 1347 1661 1386 inhumaniter

329 1413 467 1452 fecisse
505 1421 547 1452 ut
586 1413 669 1452 sine
709 1413 805 1452 meis
844 1412 979 1451 litteris
1017 1414 1068 1451 ad
1106 1420 1145 1450 te
1183 1412 1516 1462 proficisceretur3
1563 1412 1660 1450 illud

329 1479 472 1526 scribo,
499 1478 595 1516 mihi
625 1480 836 1517 molestum
866 1477 995 1516 fuisse.
1057 1479 1143 1516 Iam
1173 1477 1278 1516 enim
1304 1477 1372 1515 diu
1397 1476 1657 1527 cogitaveram

328 1558 374 1583 ex
403 1558 451 1583 eo
478 1546 587 1594 quod
616 1551 658 1583 tu
684 1545 735 1582 ad
759 1558 823 1583 me
847 1543 1054 1594 scripseras
1084 1551 1137 1590 ut,
1161 1543 1192 1581 si
1219 1542 1315 1593 quid
1339 1550 1441 1581 esset
1470 1543 1579 1592 quod
1607 1543 1658 1580 ad

328 1616 366 1648 te
390 1609 614 1660 diligentius
646 1609 803 1659 perferri
833 1611 988 1657 vellem,
1017 1608 1071 1646 illi
1103 1610 1249 1655 darem,
1272 1609 1380 1658 quod
1408 1620 1471 1646 me
1500 1608 1658 1645 hercule

328 1675 436 1713 hisce
466 1674 600 1714 litteris
631 1689 728 1725 quas
749 1676 866 1725 vulgo
886 1676 937 1713 ad
958 1683 996 1713 te
1020 1674 1134 1713 mitto
1161 1674 1257 1712 nihil
1282 1675 1360 1712 fere
1385 1672 1525 1719 scribo,
1549 1673 1657 1722 quod

328 1739 359 1777 si
380 1740 419 1777 in
440 1740 603 1778 alicuius
626 1754 764 1778 manus
786 1739 976 1787 inciderit,
996 1739 1160 1778 moleste
1181 1740 1387 1778 ferendum
1408 1738 1466 1776 sit.
1528 1737 1657 1776 Minu-

329 1804 391 1843 cio
412 1819 475 1843 me
496 1813 533 1843 et
555 1805 684 1843 Salvio
711 1813 749 1843 et
771 1805 949 1843 Labieno
975 1805 1231 1843 reservabam.
1292 1805 1427 1842 Labeo
1453 1810 1520 1841 aut
1547 1804 1656 1841 tarde

294 1885 308 1906 2
330 1869 598 1919 proficiscetur
626 1877 693 1908 aut
721 1870 786 1908 hic
816 1870 1000 1908 manebit.
1064 1870 1346 1919 Hippodamus
1378 1882 1427 1907 ne
1462 1868 1657 1918 numquid

328 1937 468 1973 vellem
495 1934 657 1985 quidem
688 1934 845 1985 rogavit.
905 1937 951 1972 T.
976 1934 1153 1972 Pinarius
1179 1933 1359 1972 amabilis
1389 1934 1440 1972 ad
1465 1947 1527 1971 me
1548 1934 1598 1972 de
1619 1941 1656 1972 te

326 2000 472 2038 litteras
493 2000 620 2047 mittit,
645 2014 686 2038 se
706 2000 875 2038 maxime
899 1999 1048 2047 litteris,
1069 1999 1327 2045 sermonibus,
1352 1998 1458 2037 cenis
1483 1997 1656 2048 denique

326 2064 402 2103 tuis
433 2065 627 2103 delectari.
699 2066 738 2103 Is
770 2066 892 2104 homo
930 2078 1084 2115 semper
1117 2078 1180 2103 me
1214 2063 1422 2102 delectavit
1460 2064 1654 2113 fraterque

1686 846 1722 868 10

1680 1488 1719 1509 20

326 2129 409 2168 eius
430 2144 585 2168 mecum
602 2137 659 2168 est
676 2131 853 2168 multum.
914 2132 1005 2179 Qua
1020 2144 1069 2176 re,
1087 2129 1143 2168 uti
1163 2128 1373 2176 instituisti,
1392 2130 1653 2178 complectere
1673 2139 1716 2171 30

325 2195 630 2233 adulescentem.

370 2308 389 2327 2
414 2297 493 2327 soris
524 2302 619 2328 vetar
652 2298 740 2328 foras
769 2297 864 2327 MRI
886 2308 966 2338 quae
993 2297 1107 2327 locttlz'o
1132 2296 1331 2327 Pelronz'ana
1360 2295 1395 2329 (c.
1424 2297 1479 2335 303
1506 2299 1561 2336 est,
1589 2306 1653 2326 uon

331 2340 483 2370 Tulliana
509 2342 562 2380 (cf
582 2342 677 2370 Fam.
704 2342 757 2372 vii.
782 2343 830 2372 16.
852 2342 884 2375 2⁴³
1019 2352 1039 2379 9
1066 2341 1159 2371 Haec
1185 2340 1217 2370 R
1364 2341 1402 2369 18
1426 2340 1654 2370 inhumaniter

325 2387 393 2414 vell.
413 2396 419 2414 :
444 2385 633 2414 humaniter
650 2384 691 2414 M
820 2394 861 2423 25
889 2384 1035 2415 Labieno
1052 2383 1228 2414 Lehmann
1246 2395 1252 2414 ε
1279 2383 1427 2414 Labeoni
1446 2383 1487 2413 ,Μ
