1871 2782
396 176 506 212 EPP.
539 175 617 211 AD
648 173 915 222 QVINTVM
947 173 1220 210 FRATREM
1423 171 1476 208 11.
1501 149 1566 205 xii¹

144 284 278 323 scribis
300 293 336 323 te
364 285 519 323 dedisse
548 298 627 322 non
659 297 898 333 acceperam.
960 285 1044 333 Ego
1072 297 1134 322 me
1162 282 1201 320 in
1223 283 1406 322 Cumano
1430 289 1467 319 et

144 349 398 398 Pompeiano,
422 357 572 399 praeter
591 361 709 398 quam
738 349 846 397 quod
867 347 950 385 sine
973 355 1020 394 te,
1044 356 1217 386 ceterum
1246 347 1338 385 satis
1365 359 1469 385 com-

143 415 261 451 mode
282 414 530 452 oblectabam
547 421 583 451 et
600 426 704 451 eram
726 412 765 449 in
787 411 912 450 isdem
934 411 1029 449 locis
1047 425 1169 461 usque
1190 413 1241 450 ad
1264 414 1312 449 K.
1333 410 1467 449 Iunias

142 478 303 516 futurus.
363 477 589 516 Scribebam
629 477 694 515 illa
731 490 832 526 quae
871 476 1043 514 dixeram
1081 478 1266 522 πολιτικά,
1298 475 1467 525 spissum

104 553 122 584 5
143 555 236 580 sane
270 555 370 591 opus
400 550 437 580 et
471 554 706 591 operosum3
749 542 819 579 sed
854 539 884 578 si
919 554 965 578 ex
999 541 1192 579 sententia
1226 539 1464 586 successerit,

142 607 244 644 bene
265 606 334 644 erit
356 619 474 656 opera
500 605 636 655 posita,
661 605 720 643 sin
748 605 888 651 minus,
912 604 951 642 in
979 605 1075 643 illud
1102 605 1231 655 ipsum
1259 618 1364 642 mare
1391 603 1470 642 dei-

142 671 290 708 ciemus
312 672 419 720 quod
433 678 653 720 spectantes
668 670 883 718 scribimus,
898 669 1173 720 adgrediemur
1185 669 1269 716 alia,
1279 668 1467 718 quoniam

143 734 343 784 quiescere
363 748 443 772 non
464 748 684 784 possumus.

197 801 283 837 Tua
311 800 497 837 mandata
522 813 732 849 persequar
758 799 963 849 diligenter
990 807 1027 838 et
1053 799 1314 848 adiungendis
1343 797 1466 837 homi·
1484 809 1508 836 2

86 880 124 902 10
144 864 259 901 nibus
291 871 328 901 et
362 864 599 913 quibusdam
631 878 712 903 non
743 864 984 912 alienandis,
1028 865 1219 903 maximae
1250 863 1345 902 mihi
1375 876 1466 902 vero

143 942 258 967 curae
285 928 355 967 erit
384 936 425 966 ut
452 929 685 968 Ciceronem
713 937 824 968 tuum
854 938 1112 980 nostrumque
1136 930 1290 968 videam
1319 928 1467 967 scilicet

142 993 298 1040 cotidie,
325 994 394 1031 sed
419 993 623 1042 inspiciam
646 994 741 1044 quid
769 994 893 1032 discat
920 1008 1039 1044 quam
1067 994 1294 1044 saepissime
1321 1002 1368 1041 et,
1393 993 1467 1032 nisi

142 1057 206 1096 ille
226 1065 464 1104 contemnet,
489 1057 605 1095 etiam
635 1058 861 1108 magistrum
889 1073 952 1097 me
973 1059 1008 1096 ei
1029 1059 1252 1108 profitebor,
1276 1058 1387 1096 cuius
1413 1058 1466 1096 rei

142 1136 224 1160 non
240 1124 387 1160 nullam
405 1123 733 1161 consuetudinem
751 1131 888 1161 nactus
905 1137 991 1161 sum
1009 1123 1048 1160 in
1064 1124 1141 1161 hoc
1157 1124 1297 1161 horum
1315 1122 1466 1161 dierum

85 1203 122 1234 15
143 1186 223 1225 otio
258 1187 450 1226 Cicerone
482 1194 616 1225 nostro
649 1187 799 1225 minore
825 1188 1094 1237 producendo.
1165 1189 1240 1233 Tu,
1272 1200 1390 1236 quem
1416 1188 1466 1224 ad
1487 1193 1510 1230 3

142 1252 307 1289 modum
334 1251 480 1297 scribis,
502 1253 611 1300 quod
637 1251 754 1289 etiam
784 1251 815 1288 si
845 1265 925 1289 non
955 1251 1142 1289 scriberes
1167 1253 1293 1289 facere
1319 1259 1357 1289 te
1387 1251 1470 1289 dili-

141 1315 367 1365 gentissime
393 1323 525 1353 tamen
561 1314 744 1362 sciebam,
771 1315 888 1353 facies
914 1315 1061 1354 scilicet
1092 1323 1133 1353 ut
1166 1329 1253 1354 mea
1284 1316 1471 1354 mandata

142 1379 303 1430 digeras,
334 1393 568 1429 persequare
613 1379 809 1417 conficias.
870 1381 955 1429 Ego
982 1393 1073 1417 cum
1109 1381 1280 1418 Romam
1311 1392 1467 1426 venero,

143 1445 296 1482 nullum
326 1443 631 1493 praetermittam
664 1442 842 1482 Caesaris
868 1443 1114 1481 tabellarium
1145 1442 1209 1481 cui
1239 1442 1385 1481 litteras
1417 1444 1470 1481 ad

86 1525 126 1548 20
144 1516 182 1547 te
206 1523 286 1547 non
312 1510 414 1547 dem.
475 1508 551 1546 His
581 1508 722 1547 diebus
751 1507 963 1559 (ignosces)
991 1507 1054 1546 cui
1083 1509 1217 1546 darem
1248 1507 1320 1546 fuit
1351 1521 1469 1547 nemo

143 1582 235 1612 ante
273 1575 378 1612 hunc
417 1575 473 1612 M.
515 1575 679 1621 Orfium,
720 1573 893 1624 equitem
932 1575 1171 1620 Romanum,
1213 1581 1389 1611 nostrum
1432 1580 1471 1611 et

143 1652 213 1688 per
248 1652 285 1676 se
321 1638 584 1676 necessarium
619 1646 657 1677 et
695 1638 804 1688 q‘uod
841 1645 899 1677 est
933 1652 980 1677 ex
1017 1638 1234 1688 municipio
1272 1640 1467 1685 Atellano,

144 1704 252 1753 quod
276 1703 351 1742 scis
375 1717 460 1742 esse
486 1703 525 1741 in
551 1705 629 1742 fide
657 1711 799 1742 nostra.
861 1705 1000 1754 Itaque
1021 1718 1111 1742 eum
1132 1703 1204 1742 tibi
1230 1705 1470 1742 commendo

144 1767 183 1806 in
210 1768 397 1806 maiorem
424 1770 599 1817 modum,
623 1769 824 1808 hominem
847 1768 955 1807 domi
980 1768 1244 1818 splendidum,
1259 1767 1472 1817 gratiosum

88 1848 126 1879 25
144 1832 261 1871 etiam
282 1841 386 1872 extra
406 1835 569 1872 domum
584 1849 594 1883 3
635 1822 760 1884 quernv
785 1835 845 1872 fac
876 1842 918 1872 ut
949 1841 1015 1871 tua
1046 1833 1275 1871 liberalitate
1305 1832 1375 1871 tibi
1405 1833 1474 1871 ob-

143 1897 248 1948 liges.
314 1900 383 1937 Est
416 1899 595 1937 tribunus
629 1899 796 1937 militum
827 1899 867 1936 in
899 1898 1068 1937 exercitu
1107 1905 1245 1935 vestro.
1305 1898 1470 1936 Gratum

144 1962 346 2001 hominem
374 1964 726 2013 observantemque
750 1976 975 2013 cognosces.
1034 1961 1263 2000 Trebatium
1288 1969 1330 2000 ut
1356 1963 1470 2001 valde

143 2041 252 2065 ames
272 2029 523 2066 vehementer
543 2036 580 2066 te
600 2041 704 2078 rogo.

190 2140 209 2159 2
233 2131 399 2171 ceterum]
419 2131 543 2160 ceteris
559 2141 611 2161 me
627 2130 704 2161 coni.
724 2130 810 2161 Reid
893 2141 912 2169 3
937 2130 1146 2161 oblectabam
1164 2129 1280 2161 Lamb.
1296 2141 1302 2161 τ
1321 2130 1416 2160 -abar
1433 2129 1474 2159 M

148 2184 165 2212 7
189 2179 289 2212 atque
306 2178 379 2204 ante
392 2174 630 2213 adgrediemur
646 2174 726 2204 add.
745 2173 933 2214 Wesenberg
1023 2184 1062 2204 10
1086 2178 1119 2204 et
1137 2174 1170 2203 in
1187 2174 1385 2213 quibusdam
1401 2173 1473 2212 (sed

146 2217 178 2247 in
197 2217 347 2255 deletmn)
367 2216 408 2246 M
558 2227 592 2246 11
619 2218 747 2248 scilicet
765 2221 835 2248 vett.
856 2218 892 2256 ef
911 2216 1051 2257 Madvtg
1068 2217 1168 2248 ‘Finf
1185 2228 1214 2247 V.
1234 2227 1263 2256 3,
1278 2222 1312 2257 p.
1332 2217 1417 2255 609:
1443 2217 1469 2246 si

147 2260 226 2290 licet
244 2259 282 2289 M
297 2260 387 2300 quod
399 2259 535 2299 defendit
557 2260 691 2299 Tyrrell.
796 2270 833 2290 12
857 2261 915 2290 sed
933 2265 965 2291 et
983 2261 1158 2300 inspiciam
1175 2261 1209 2291 R
1333 2269 1370 2299 15
1396 2270 1469 2298 per-

147 2303 299 2333 docendo
316 2306 384 2334 vett.
403 2303 508 2342 sedcfl
527 2303 611 2333 Boo!
630 2304 726 2334 ‘Obs.
743 2302 819 2334 crit?
833 2309 866 2344 p.
887 2313 928 2342 35
1045 2314 1086 2334 22
1110 2314 1170 2343 per
1186 2314 1224 2334 se
1241 2304 1470 2334 necessarium

147 2346 258 2376 Baiter
272 2357 277 2375 ε
297 2356 356 2385 per
369 2356 406 2377 se
422 2347 486 2387 (ch
496 2356 558 2386 per
571 2356 608 2377 se
622 2346 744 2388 ipsum)
760 2347 1051 2386 pernecessarium
1067 2347 1273 2387 lVesenbetg:
1290 2357 1353 2378 om.
1370 2356 1407 2377 se
1419 2345 1460 2375 M

1345 2493 1386 2524 4*
