1871 2782
413 183 528 222 EPP.
561 183 639 220 AD
669 181 938 230 QVINTVM
970 181 1244 219 FRATREM
1442 181 1472 218 I.
1490 179 1537 217 iv

160 296 300 334 cedere
334 301 492 345 propter
522 292 657 332 nescio
695 304 795 341 quos
829 298 960 329 motus
994 298 1179 330 vetarent.
1237 292 1385 329 Verum
1413 303 1488 339 ego

162 360 286 410 magis
306 360 451 398 exitum
481 359 636 397 illorum
662 356 797 396 litteris
818 370 937 406 quam
958 369 1027 406 spe
1053 363 1157 394 certa
1186 355 1461 405 exspectabam
1479 368 1490 402 ς

161 438 254 464 nam
275 424 371 474 quid
397 437 548 474 sperem
569 421 843 473 potentissimo
871 420 1044 468 inimico,
1066 420 1336 459 dominatione
1365 421 1490 458 obtre-

164 496 368 536 ctatorum,
400 487 625 527 infidelibus
663 485 810 533 amicis,
846 484 1022 535 plurimis
1056 484 1226 524 invidis?
1283 487 1345 523 De
1378 484 1490 523 novis
1511 497 1530 529 3

125 561 295 596 5autem
335 552 498 591 tribunis
532 553 582 601 pl.
619 558 678 589 est
710 550 774 588 ille
813 549 974 599 quidem
1008 548 1049 586 in
1083 562 1146 587 me
1184 548 1490 587 officiosissimus

164 617 312 656 Sestius
333 624 381 663 et,
404 629 528 666 spero,
552 614 704 662 Curius,
736 613 846 661 Milo,
872 612 1028 660 Fadius,
1052 612 1262 659 Fabricius,
1286 614 1355 651 sed
1376 614 1490 651 valde

163 682 395 719 adversante
417 679 570 726 Clodio,
594 678 662 728 qui
688 678 807 716 etiam
834 668 1005 728 privatus
1032 678 1171 715 eadem
1199 690 1319 714 manu
1348 677 1490 726 poterit

164 745 369 783 contiones
407 744 630 790 concitare;
677 741 822 781 deinde
861 741 978 780 etiam
1017 741 1247 780 intercessor
1280 741 1487 792 parabitur.

167 813 282 850 Haec
302 811 397 849 mihi
413 809 676 861 proficiscenti
696 822 777 847 non
797 807 1118 859 proponebantur
1138 808 1207 845 sed
1228 821 1344 858 saepe
1361 807 1490 847 triduo
1510 820 1530 849 4

107 891 147 914 10
166 889 320 913 summa
335 889 425 913 curn
445 874 566 924 gloria
582 874 741 912 dicebar
756 886 841 912 esse
857 872 1060 911 rediturus.
1115 872 1246 920 ‘Quid
1266 879 1307 910 tu
1328 872 1441 923 igitur
1454 875 1470 912 ?
1483 874 1491 890 '

165 939 329 989 inquies.
390 939 528 987 Quid?
566 940 688 976 multa
721 944 990 976 convenerunt
1024 950 1123 987 quae
1156 944 1329 975 mentem
1368 944 1491 975 extur-

165 1004 303 1043 barent
330 1017 468 1051 meam,
501 1003 630 1042 subita
658 1002 828 1042 defectio
857 1001 1031 1052 Pompei,
1059 1001 1243 1040 alienatio
1270 1003 1489 1048 consulum,

165 1069 282 1107 etiam
320 1077 555 1119 praetorum,
595 1068 711 1106 timor
749 1067 1059 1118 publicanorum,
1099 1080 1216 1106 arma.
1289 1067 1491 1105 Lacrimae

166 1147 343 1172 meorum
375 1147 438 1171 me
469 1135 519 1171 ad
554 1140 720 1171 mortem
754 1131 809 1170 ire
839 1131 1147 1182 prohibuerunt;
1181 1132 1290 1181 quod
1320 1139 1423 1170 certe
1454 1139 1492 1170 et

108 1216 144 1247 15
164 1199 216 1236 ad
249 1199 497 1236 honestatem
527 1205 566 1235 et
594 1198 645 1235 ad
676 1196 920 1246 effugiendos
948 1195 1202 1234 intolerabilis
1236 1196 1391 1234 dolores
1421 1196 1492 1234 fuit

163 1262 420 1313 aptissimum.
479 1263 557 1301 Sed
581 1263 631 1300 de
657 1263 734 1300 hoc
761 1260 897 1311 scripsi
916 1261 966 1299 ad
987 1267 1025 1298 te
1045 1260 1085 1298 in
1109 1274 1155 1299 ea
1178 1260 1344 1311 epistula
1373 1273 1492 1310 quam

165 1327 403 1366 Phaethonti
441 1327 543 1365 dedi.
604 1328 723 1364 Nunc
757 1334 811 1374 tu,
845 1325 1033 1376 quoniam
1071 1325 1111 1364 in
1150 1332 1303 1364 tantum
1342 1327 1492 1365 luctum

163 1393 418 1442 laboremque
444 1393 625 1430 detrusus
652 1405 693 1430 es
714 1398 906 1442 quantum
933 1404 1052 1429 nemo
1076 1404 1275 1440 umquam,
1307 1390 1339 1429 si
1365 1392 1492 1430 levare

163 1464 293 1507 potest
330 1470 584 1495 communem
623 1469 757 1494 casum
791 1455 1057 1494 misericordia
1089 1455 1306 1502 hominum,
1343 1455 1491 1494 scilicet

106 1540 146 1562 20
163 1521 393 1561 incredibile
423 1520 612 1571 quiddam
644 1520 871 1571 adsequeris
886 1535 895 1569 3
936 1520 995 1559 sin
1025 1521 1141 1571 plane
1171 1519 1399 1568 occidimus,
1427 1534 1490 1558 me

163 1586 348 1625 miserum
366 1589 372 1626 Ξ
403 1600 475 1637 ego
496 1586 680 1624 omnibus
701 1585 798 1624 meis
825 1585 942 1625 exitio
963 1587 1072 1624 fuero
1099 1585 1243 1635 quibus
1262 1592 1354 1623 ante
1374 1586 1491 1624 dede-

163 1651 244 1690 cori
270 1665 350 1690 non
375 1665 490 1689 eram.
551 1652 629 1689 Sed
654 1659 706 1698 tu,
730 1658 772 1689 ut
791 1658 882 1689 ante
903 1651 953 1689 ad
979 1658 1016 1688 te
1041 1649 1185 1700 scripsi,
1208 1649 1385 1700 perspice
1409 1663 1489 1688 rem
1511 1666 1527 1697 5

163 1724 201 1754 et
225 1723 443 1766 pertempta
463 1723 502 1754 et
521 1717 571 1754 ad
593 1730 667 1764 me,
690 1723 732 1754 ut
753 1723 930 1766 tempora
950 1722 1082 1753 nostra
1108 1728 1190 1752 non
1210 1722 1252 1753 ut
1271 1728 1381 1753 amor
1401 1722 1490 1752 tuus

163 1781 245 1827 fert,
269 1794 357 1819 vere
384 1780 589 1830 perscribe.
650 1782 736 1831 Ego
756 1780 876 1818 vitam
898 1781 1029 1829 quoad
1049 1779 1198 1829 putabo
1219 1787 1286 1817 tua
1305 1778 1490 1817 interesse

105 1865 143 1896 25
162 1853 231 1883 aut
258 1846 309 1884 ad
339 1859 449 1895 spem
480 1846 711 1884 servandam
742 1858 827 1883 esse
856 1844 1044 1882 retinebo.
1104 1846 1166 1881 Tu
1196 1843 1311 1881 nobis
1341 1842 1490 1881 amicis<

163 1909 307 1947 simum
324 1909 493 1947 Sestium
514 1923 729 1959 cognosces
744 1925 754 1957 3
783 1910 903 1947 credo
924 1916 990 1946 tua
1011 1922 1128 1946 causa
1143 1909 1242 1946 velle
1262 1908 1487 1954 Lentulum,

164 1973 231 2023 qui
260 1973 331 2011 erit
360 1975 508 2011 consul.
569 1975 822 2023 Quamquam
853 1980 943 2011 sunt
975 1975 1076 2011 facta
1105 1971 1232 2010 verbis
1261 1971 1487 2010 difficiliora.

164 2039 226 2076 Tu
256 2046 294 2076 et
318 2038 414 2088 quid
441 2051 540 2088 opus
568 2038 616 2076 sit
643 2046 681 2076 et
701 2038 796 2088 quid
825 2037 872 2076 sit
899 2037 1060 2076 videbis.
1122 2036 1297 2075 Omnino
1322 2036 1353 2074 si
1383 2044 1490 2075 tuam

207 2143 228 2171 6
252 2142 373 2172 Curius
396 2141 556 2181 Pighius:
581 2142 717 2172 Curtius
741 2141 783 2170 M
869 2141 1038 2171 Fabricius
1063 2139 1157 2170 Man.
1178 2140 1246 2170 coll.
1272 2139 1353 2169 Post
1369 2139 1430 2170 red.
1456 2142 1490 2169 in

165 2184 240 2215 Seu.
269 2196 332 2223 223
357 2185 439 2216 Sesl.
469 2194 528 2224 75:
555 2185 725 2216 Gratidius
749 2184 821 2214 MR
849 2184 939 2224 qnod
963 2194 1027 2214 non
1050 2188 1189 2223 prorsus
1212 2182 1425 2220 abiciendum,
1449 2184 1487 2221 cs

167 2228 204 2266 Q.
225 2229 282 2259 Fr.
300 2229 318 2259 i.
340 2238 364 2259 1.
386 2239 447 2267 103
472 2229 575 2259 Flacc.
597 2240 639 2267 49
731 2238 769 2266 13
793 2238 885 2258 arma
903 2228 998 2258 Clodi
1019 2228 1081 2267 (vel
1095 2228 1316 2257 inimicoruml
1336 2226 1493 2256 Buclzeler

168 2272 207 2301 18
232 2272 445 2311 laboremque
470 2271 503 2301 R
524 2271 728 2312 chsenberg:
765 2271 911 2301 laborem
937 2270 997 2300 MI
1124 2281 1165 2308 24
1189 2280 1269 2301 vera
1290 2270 1316 2300 C
1448 2271 1490 2299 26

163 2314 251 2344 velle
269 2314 311 2343 M
330 2326 462 2354 marg:
491 2315 542 2345 vel
562 2314 603 2344 M
731 2325 771 2353 27
797 2314 923 2345 consul.
959 2324 1157 2354 quamquam
1182 2314 1241 2343 sed
1266 2324 1334 2343 non
1352 2318 1429 2343 sunt
1452 2311 1494 2342 M

167 2358 274 2396 (verba
292 2368 359 2388 non
377 2363 455 2388 sunt
472 2358 505 2388 in
521 2357 564 2387 M
576 2358 674 2388 deleta
691 2358 724 2388 in
743 2358 893 2398 margine
905 2357 1088 2397 addunlur)
1103 2369 1110 2389 t
1135 2356 1250 2387 consul
1265 2367 1273 2396 ;
1289 2366 1487 2395 quamquam

165 2401 268 2431 —sed
286 2411 351 2431 non
370 2406 447 2431 sunt
464 2401 542 2433 coni.
570 2400 690 2441 sywell
