1871 2782
701 151 1242 190 PSEVDO-CICERONIS

305 271 399 302 tunc
419 262 579 313 quidem
602 261 774 312 optimus
791 262 917 312 (quod
938 262 1087 300 utinam
1108 275 1236 312 neque
1258 268 1391 301 nostra
1410 274 1482 301 nos
1504 261 1637 313 opinio

306 342 435 378 neque
463 335 529 366 tua
550 329 647 366 fides
676 327 873 366 fefellisset
891 327 915 379 ἓ)
946 335 984 366 et
1006 328 1197 366 veteranis
1218 327 1258 365 in
1280 341 1403 366 unum
1430 327 1638 367 conductis

305 401 342 431 et
363 393 517 431 duabus
544 392 765 442 legionibus
785 406 808 430 a
828 392 999 443 pernicie
1026 392 1172 443 patriae
1195 394 1246 431 ad
1276 394 1440 430 salutem
1466 392 1638 430 avocatis

305 457 435 495 subito
456 470 578 507 prope
599 457 676 495 iam
693 458 939 508 desperatam
963 465 1000 495 et
1015 457 1214 495 adflictam
1236 470 1282 495 ac
1302 463 1534 507 prostratam
1556 471 1636 495 rem

304 521 503 571 publicam
528 521 604 560 tuis
639 521 781 572 opibus
809 522 989 561 extulisti.
1051 524 1164 571 Quae
1193 521 1262 559 tibi
1295 535 1375 559 non
1405 529 1496 560 ante
1518 535 1636 571 quam

305 588 532 636 postulares,
557 586 704 625 maiora
725 600 844 636 quam
866 589 996 634 velles,
1019 588 1128 636 plura
1149 600 1267 636 quam
1290 599 1475 636 sperares,
1498 586 1638 624 detulit

304 654 492 690 senatus?
568 651 689 690 Dedit
728 651 853 697 fascis,
896 660 937 689 ut
975 665 1066 689 cum
1114 651 1345 689 auctoritate
1389 652 1637 689 defensorem

304 716 464 754 haberet
502 729 583 754 non
613 723 655 753 ut
690 715 854 765 imperio
884 730 924 754 se
954 717 1161 754 adversum
1192 723 1385 763 armaret,
1427 715 1637 766 appellavit

304 780 577 830 imperatorem
606 780 779 818 hostium
807 780 976 819 exercitu
998 782 1112 831 pulso
1133 780 1307 818 tribuens
1329 781 1532 827 honorem,
1555 794 1636 818 non

303 852 345 882 ut
388 852 454 882 tua
494 846 616 884 caede
650 858 787 884 caesus
825 845 888 883 ille
919 845 1071 895 fugiens
1110 845 1300 884 exercitus
1340 853 1377 883 te
1416 845 1636 884 nominaret

303 909 603 959 imperatorem,
643 910 816 949 decrevit
849 909 886 948 in
922 911 1006 948 foro
1033 917 1213 955 statuam,
1247 911 1378 947 locum
1413 909 1453 947 in
1485 917 1633 956 senatu,

261 983 285 1022 5
304 987 503 1012 summum
533 976 724 1014 honorem
753 982 845 1013 ante
874 983 1039 1025 tempus.
1111 974 1149 1013 Si
1179 974 1275 1024 quid
1304 974 1411 1012 aliud
1441 981 1499 1012 est
1529 976 1637 1024 quod

304 1039 386 1077 (lari
410 1040 543 1090 possit,
566 1041 698 1079 addet.
740 1040 849 1089 Quid
869 1040 976 1079 aliud
997 1046 1055 1078 est
1076 1039 1201 1077 maius
1222 1040 1331 1089 quod
1345 1039 1438 1078 velis
1455 1041 1638 1078 sumere?

303 1103 370 1142 Sin
390 1112 522 1143 autem
552 1118 668 1155 supra
688 1113 868 1152 aetatem,
888 1118 1004 1155 supra
1024 1104 1365 1151 consuetudinem,
1382 1118 1498 1154 supra
1517 1104 1635 1143 etiam

302 1168 579 1207 mortalitatem
620 1177 727 1208 tuam
767 1170 837 1208 tibi
876 1177 967 1208 sunt
1009 1169 1144 1208 onmia
1186 1169 1340 1216 tributa,
1382 1184 1450 1208 cur
1487 1177 1554 1208 aut
1593 1178 1635 1208 ut

300 1233 494 1284 ingratum
525 1234 734 1273 crudeliter
762 1242 829 1273 aut
859 1242 901 1272 ut
930 1234 1203 1273 immemorem
1234 1234 1403 1273 benefici
1433 1234 1488 1272 tui
1519 1237 1636 1274 scele-

302 1307 382 1338 rate
406 1299 693 1338 circumscribis
723 1302 936 1338 senatum?
1004 1301 1097 1348 Quo
1123 1306 1161 1338 te
1191 1299 1401 1337 misimus?
1440 1313 1463 1337 a
1492 1300 1635 1349 quibus

302 1364 532 1403 reverteris?
588 1366 737 1404 Contra
763 1378 863 1414 quos
892 1364 1160 1403 armavimus?
1189 1364 1332 1414 quibus
1356 1378 1465 1402 arma
1488 1364 1635 1414 cogitas

302 1429 470 1468 inferre?
526 1431 562 1468 A
579 1429 722 1480 quibus
738 1429 950 1468 exercitum
963 1429 1158 1468 abducis?
1187 1443 1287 1479 quos
1302 1430 1488 1467 adversus
1508 1429 1634 1468 aciem

302 1494 447 1532 struis?
519 1496 599 1534 Cur
628 1494 752 1533 hostis
781 1494 1022 1544 relinquitur,
1056 1494 1151 1533 civis
1188 1494 1309 1532 hostis
1343 1496 1431 1532 loco
1462 1494 1635 1544 petitur?
1656 1508 1669 1529 2

302 1562 382 1599 Cur
402 1567 527 1598 castra
548 1560 682 1598 medio
702 1560 839 1598 itinere
858 1560 1014 1610 longius
1034 1561 1082 1597 ab
1101 1559 1411 1598 adversariorum
1441 1560 1576 1598 castris
1597 1568 1635 1598 et

301 1625 460 1675 propius
483 1626 620 1664 urbem
649 1628 884 1664 moventur?
941 1625 1058 1675 Cogit
1087 1626 1242 1664 illorum
1270 1639 1358 1675 spes
1383 1625 1531 1675 aliquid
1562 1639 1634 1663 nos

253 1692 280 1729 6
302 1691 447 1729 timere.
499 1692 535 1730 O
557 1705 620 1729 me
644 1705 862 1741 numquam
889 1692 1107 1741 sapientem
1136 1698 1174 1729 et
1203 1691 1417 1740 aliquando
1455 1690 1495 1729 id
1526 1692 1634 1741 quod

302 1770 381 1794 non
429 1769 536 1794 eram
585 1758 724 1795 frustra
771 1756 1061 1795 existimatum!
1137 1758 1342 1804 Quantum
1390 1763 1439 1802 te,
1488 1758 1634 1806 popule

302 1825 496 1868 Romane,
519 1822 569 1859 de
597 1835 660 1860 me
686 1821 821 1859 fefellit
848 1821 1007 1871 opinio!
1064 1821 1100 1859 O
1132 1835 1260 1859 meam
1290 1821 1558 1859 calamitosam
1588 1835 1633 1859 ac
1656 1838 1669 1851 τ

301 1886 554 1937 praecipitem
576 1894 819 1924 senectutem
839 1889 844 1923 l
874 1900 899 1924 o
919 1893 1072 1935 turpem
1089 1893 1224 1923 exacta
1236 1885 1492 1935 dementique
1507 1893 1634 1924 aetate

302 1952 510 1990 canitiem!
568 1953 655 2001 Ego
689 1959 818 2001 patres
849 1950 1093 2001 conscriptos
1123 1951 1175 1988 ad
1204 1950 1454 2001 parricidium
1485 1949 1631 1997 induxi,

302 2032 375 2068 ego
406 2031 487 2055 rem
522 2017 721 2067 publicam
754 2017 883 2063 fefelli,
916 2030 989 2066 ego
1023 2015 1152 2066 ipsum
1179 2023 1359 2054 senatum
1391 2015 1464 2053 sibi
1495 2029 1634 2054 manus

301 2085 451 2122 adferre
490 2083 612 2133 coegi,
647 2096 738 2121 cum
773 2090 812 2120 te
847 2081 1061 2121 Iunonium
1095 2094 1259 2131 puerum
1293 2087 1332 2119 et
1371 2080 1503 2118 matris
1544 2088 1633 2118 tuae

346 2198 365 2226 3
389 2188 538 2218 avocatis
562 2186 680 2218 Lamb.
698 2198 703 2217 :
740 2186 913 2216 advocatis
938 2184 1026 2216 codd.
1200 2196 1218 2223 4
1244 2184 1456 2220 desperatam
1474 2207 1481 2213 .
1501 2207 1507 2214 .
1528 2207 1534 2214 .
1556 2194 1633 2223 pro-

302 2236 441 2261 stratam
476 2231 562 2261 Crcrt.
590 2230 725 2261 Baiter:
758 2231 971 2268 desperatam
1004 2234 1037 2259 et
1068 2229 1224 2259 afflictam
1261 2227 1373 2258 TFH:
1414 2228 1566 2257 affectam
1599 2233 1632 2257 et

304 2280 505 2314 prostratam
525 2274 565 2303 M
736 2284 773 2304 10
798 2279 853 2304 tua
874 2273 1081 2312 ll'esenhcrgr:
1106 2283 1165 2302 sua
1182 2271 1270 2301 codd.
1382 2281 1501 2300 caesus
1519 2271 1604 2309 vulg.
1624 2281 1632 2300 :

304 2329 405 2348 ausus
431 2318 488 2348 ils:
514 2329 629 2348 rursus
654 2318 724 2348 Fll
859 2319 896 2347 16
921 2318 1089 2355 ingratum
1116 2314 1258 2345 M¹FH=
1284 2315 1438 2353 ingratus
1461 2313 1515 2342 M*
1540 2315 1626 2353 vulg.

307 2363 345 2391 16
370 2363 596 2391 immemorem
610 2361 738 2392 MFH:
764 2362 936 2391 immernor
952 2361 1038 2399 vulg.
1152 2359 1198 2389 tui
1218 2358 1332 2388 TFH:
1355 2358 1405 2387 sui
1421 2357 1460 2386 Μ
1589 2368 1631 2386 20

304 2405 509 2443 relinquitur,
542 2406 624 2435 civis
651 2406 757 2435 hostis
781 2416 846 2435 om.
873 2404 942 2434 ΓΗ
1135 2402 1260 2441 petitur
1286 2401 1401 2431 CFH:
1432 2401 1569 2440 ponitur
1594 2400 1634 2429 M

305 2459 338 2479 21
368 2448 399 2478 in
417 2453 492 2478 (mle
508 2449 617 2478 medio
634 2449 710 2479 adal.
730 2447 918 2486 llfcscnbmgr
982 2447 1022 2477 ab
1039 2446 1114 2476 add.
1133 2445 1322 2485 lVescnbrtg
1419 2455 1503 2483 22*3
1530 2444 1630 2482 Cogit

303 2517 310 2524 .
331 2517 338 2524 .
358 2518 365 2525 .
386 2493 503 2522 timere
522 2492 607 2522 J·‘ll:
633 2504 696 2523 vm.
718 2491 755 2521 M
889 2493 930 2522 26
955 2491 1147 2530 lab-:ntique
1165 2489 1242 2520 coni.
1265 2488 1452 2529 Il'cseuhmg

1659 857 1698 879 10

1658 1181 1695 1213 15
