1871 2782
373 146 916 188 PSEVDO-CICERONIS
947 146 1026 183 ΕΡ.
1052 146 1131 183 AD
1161 145 1542 184 OCTAVIANVM

289 257 458 297 eiciebat
487 264 672 307 tyrannus
699 263 790 302 erat,
823 269 942 306 quem
974 257 1080 295 hunc
1106 269 1292 295 vocemus
1319 254 1387 307 qui
1415 271 1465 296 ne
1489 258 1621 296 locum

242 337 269 375 9
291 322 453 373 quidem
486 321 670 372 relinquit
703 321 868 361 exsilio?
935 323 1076 372 Itaque
1106 321 1138 360 si
1169 321 1266 372 quid
1303 321 1392 361 illae
1426 322 1618 361 maiorum

289 396 512 440 nostrorum
526 389 702 438 sepultae
722 386 908 437 reliquiae
924 386 1092 437 sapiunt,
1107 386 1139 425 si
1159 400 1240 424 non
1256 401 1336 425 una
1350 400 1441 426 cum
1457 400 1620 438 corpore

288 466 427 492 sensus
459 452 588 491 omnis
617 466 698 491 uno
727 460 845 502 atque
874 453 1016 491 eodem
1046 459 1305 502 consumptus
1334 460 1392 491 est
1412 452 1502 503 igni,
1525 452 1621 503 quid

288 517 363 556 illis
402 517 731 568 interrogantibus
779 517 875 567 quid
916 525 1005 567 agat
1053 530 1159 555 nunc
1201 518 1370 567 populus
1414 519 1620 557 Romanus
1641 529 1658 561 5

288 582 544 634 respondebit
563 582 704 633 aliquis
724 590 901 621 nostrum
923 582 991 632 qui
1011 581 1210 632 proximus
1231 582 1270 619 in
1295 582 1400 620 illam
1420 590 1619 622 aeternam

288 649 454 687 domum
491 647 744 687 discesserit?
781 655 848 686 aut
883 661 1002 698 quem
1036 647 1232 697 accipient
1265 648 1316 685 de
1346 647 1426 686 suis
1455 648 1620 698 posteris

287 713 472 752 nuntium
511 713 565 751 illi
598 720 749 751 veteres
788 711 973 760 Africani,
1012 711 1188 759 Maximi,
1226 711 1348 759 Pauli,
1388 712 1621 763 Scipiones?

288 777 385 829 quid
423 779 474 816 de
521 791 591 815 sua
636 777 760 827 patria
800 776 962 815 audient
1000 790 1120 826 quam
1157 776 1292 826 spoliis
1334 776 1619 827 triumphisque

288 844 556 883 decorarunt?
594 856 646 880 an
680 856 765 881 esse
799 843 999 892 quendam
1031 855 1156 880 annos
1191 854 1296 879 xvm
1329 849 1476 888 natum,
1508 842 1618 881 cuius
1640 856 1680 878 10

287 922 382 948 avus
420 907 534 946 fuerit
572 907 823 957 argentarius,
863 906 1122 957 adstipulator
1167 914 1287 957 pater,
1327 914 1491 957 uterque
1528 921 1620 945 vero

288 973 505 1024 precarium
531 980 739 1022 quaestum
763 971 908 1019 fecerit,
931 973 1000 1010 sed
1026 973 1123 1010 alter
1143 985 1268 1022 usque
1296 973 1348 1010 ad
1377 979 1620 1010 senectutem

288 1046 330 1076 ut
351 1051 432 1077 non
452 1045 620 1088 negaret,
643 1039 740 1075 alter
758 1051 782 1075 a
800 1036 966 1088 pueritia
985 1044 1027 1075 ut
1047 1050 1129 1075 non
1160 1044 1303 1087 posset.
1318 1050 1399 1075 non
1420 1036 1595 1075 confiteri
1612 1051 1621 1084 ;

288 1116 379 1142 eum
412 1115 537 1152 agere,
569 1115 704 1152 rapere
737 1115 820 1140 rem
853 1101 1063 1152 publicam,
1091 1101 1155 1140 cui
1188 1103 1294 1140 nulla
1327 1101 1460 1149 vidus,
1490 1103 1620 1140 nullae

288 1167 393 1206 bello
417 1167 603 1205 subactae
632 1174 670 1205 et
700 1168 752 1205 ad
781 1166 989 1217 imperium
1017 1166 1228 1205 adiunctae
1250 1166 1485 1217 provinciae,
1514 1168 1620 1204 nulla
1642 1180 1677 1211 15

288 1231 456 1282 dignitas
478 1231 671 1270 maiorum
692 1226 939 1270 conciliasset
958 1245 1045 1270 eam
1066 1231 1295 1282 potentiam,
1318 1232 1389 1270 sed
1407 1232 1532 1269 forma
1552 1244 1621 1281 per

286 1299 461 1336 dedecus
481 1296 692 1347 pecuniam
722 1304 761 1336 et
790 1310 937 1335 nomen
960 1296 1093 1335 nobile
1122 1298 1433 1335 consceleratum
1453 1296 1619 1346 impudi-

285 1362 377 1401 citia
411 1361 595 1408 dedisset,
630 1362 702 1410 qui
734 1368 884 1400 veteres
917 1360 1142 1400 vulneribus
1180 1368 1218 1399 et
1255 1368 1383 1399 aetate
1416 1362 1618 1400 confectos

286 1428 462 1466 Iulianos
509 1427 753 1477 gladiatores,
795 1426 944 1477 egentis
990 1426 1172 1476 reliquias
1212 1425 1390 1465 Caesaris
1432 1426 1526 1473 ludi,
1566 1428 1616 1465 ad

285 1494 424 1531 rudem
465 1492 730 1542 compulisset,
771 1491 915 1541 quibus
956 1491 1019 1530 ille
1057 1498 1214 1541 saeptus
1255 1490 1390 1529 omnia
1423 1490 1613 1534 misceret,
1639 1505 1678 1526 20

287 1557 403 1596 nullis
429 1564 614 1607 parceret,
646 1556 720 1594 sibi
753 1556 908 1603 viveret,
941 1556 1008 1606 qui
1042 1564 1244 1606 tamquam
1271 1556 1312 1593 in
1339 1555 1459 1595 dotali
1492 1556 1618 1595 matri-

287 1622 423 1662 monio
453 1636 535 1661 rem
566 1622 764 1672 publicam
804 1629 1041 1660 testamento
1080 1623 1247 1672 legatam
1282 1621 1356 1659 sibi
1397 1621 1620 1660 obtineret?

221 1699 267 1727 10
287 1687 463 1726 Audient
493 1689 575 1726 duo
608 1687 721 1725 Decii
753 1686 894 1726 servire
925 1701 993 1725 eos
1024 1686 1129 1733 civis,
1164 1686 1231 1737 qui
1265 1694 1307 1724 ut
1341 1686 1521 1725 hostibus
1551 1687 1618 1724 ini-

286 1759 465 1803 perarent
481 1751 665 1790 victoriae
685 1765 726 1790 se
742 1753 983 1790 devoverunt
1000 1766 1008 1798 3
1036 1751 1170 1790 audiet
1187 1753 1231 1791 C.
1250 1751 1398 1790 Marius
1414 1751 1617 1801 impudico

286 1817 451 1857 domino
479 1830 614 1867 parere
644 1830 728 1863 nOS,
755 1816 822 1866 qui
853 1831 902 1855 ne
932 1816 1096 1855 militem
1129 1816 1289 1866 quidem
1320 1817 1465 1855 habere
1494 1817 1615 1855 voluit
1638 1830 1674 1861 25

284 1883 357 1921 nisi
390 1882 607 1933 pudicum,
653 1881 788 1920 audiet
828 1883 972 1919 Brutus
1010 1895 1101 1919 eum
1138 1877 1345 1931 populum,
1379 1894 1497 1931 quem
1532 1881 1616 1932 ipse

284 1947 421 1998 primo,
453 1954 543 1997 post
577 1945 784 1996 progenies
818 1945 902 1984 eius
932 1959 955 1983 a
989 1945 1144 1995 regibus
1178 1945 1365 1993 liberavit,
1406 1959 1476 1996 pro
1515 1947 1615 1996 turpi

283 2021 418 2063 stupio
447 2013 584 2051 datum
616 2011 656 2049 in
688 2010 923 2049 servitutem.
995 2012 1108 2060 Quae
1135 2009 1298 2060 quidem
1325 2009 1356 2048 si
1387 2012 1496 2050 nullo
1525 2011 1612 2056 alio,

284 2092 347 2117 me
374 2085 506 2116 tamen
536 2076 778 2115 internuntio
807 2075 981 2115 celeriter
1009 2076 1060 2114 ad
1089 2075 1175 2114 illos
1205 2076 1437 2114 deferentur.
1508 2076 1612 2114 Nam

283 2143 313 2181 si
335 2143 445 2181 vivus
473 2142 547 2181 ista
576 2142 843 2192 subterfugere
871 2154 953 2179 non
981 2148 1129 2191 potero,
1156 2154 1234 2179 una
1263 2154 1354 2179 cum
1383 2139 1465 2179 istis
1492 2140 1612 2179 vitam
1633 2154 1674 2186 30

284 2208 399 2247 simul
419 2209 550 2258 sugere
571 2206 737 2246 decrevi.

330 2324 342 2343 1
370 2323 469 2351 quem
498 2313 588 2342 hunc
611 2321 770 2342 vocemus
797 2310 910 2350 vulga
948 2320 1048 2349 quem
1077 2310 1272 2341 invocemus
1305 2308 1381 2340 Ml:
1419 2310 1499 2349 quid
1524 2310 1613 2341 hunc

283 2357 494 2396 appellemus
511 2356 582 2386 FH
706 2357 727 2385 6
751 2355 903 2394 proxime
925 2354 1019 2384 TFH
1148 2364 1186 2392 13
1213 2358 1247 2384 ut
1265 2364 1331 2384 non
1349 2354 1453 2392 possit
1471 2354 1532 2392 (ita
1554 2354 1613 2384 M:

282 2411 358 2431 corr.
382 2402 465 2439 vell.)
487 2410 552 2430 non
572 2398 724 2429 confiteri
742 2398 801 2429 M:
832 2403 889 2428 aut
906 2398 1123 2428 confiteretur
1135 2396 1206 2428 ΓΗ
1318 2407 1355 2437 17
1382 2397 1612 2428 conscelerata

282 2443 400 2474 Lamb.
499 2444 536 2472 18
560 2443 615 2481 qui
634 2442 708 2474 add.
729 2441 920 2482 ll'vsenbctg
