1871 2782
275 157 306 195 Ι.
325 168 387 194 xv
709 156 765 193 M.
798 156 968 193 TVLLI
1000 156 1306 195 CICERONIS

289 275 331 303 12
405 267 483 304 Sed
514 267 610 304 haec
641 266 803 317 quidem
833 281 914 306 non
941 267 994 306 ita
1020 266 1248 315 necessaria,
1280 267 1378 306 illud
1406 268 1520 306 valde
1548 280 1680 307 neces-

350 330 504 378 sarium,
547 333 679 379 Brute,
713 340 751 370 te
789 331 830 370 in
870 332 1025 371 Italiam
1065 346 1155 371 cum
1187 332 1357 371 exercitu
1390 332 1522 371 venire
1561 346 1680 382 quam

349 395 529 445 primum.
602 398 766 436 Summa
800 406 858 437 est
896 398 1136 449 exspectatio
1171 397 1237 436 tui.
1298 399 1420 446 Quod
1458 397 1489 436 si
1525 397 1680 436 Italiam

347 460 531 511 attigeris,
563 463 613 500 ad
646 469 684 501 te
723 476 938 501 concursus
973 465 1040 502 fiet
1072 477 1262 501 omnlum.
1322 462 1411 501 Sive
1445 462 1551 501 enim
1581 461 1682 500 vice-

347 525 477 572 rimus,
519 526 587 576 qui
627 527 789 577 quidem
828 528 1091 579 pulcherrime
1135 528 1353 567 viceramus
1392 527 1466 566 nisi
1505 526 1719 577 Lepidus5

347 592 510 641 perdere
538 592 672 631 omnia
701 600 739 632 et
771 594 896 644 perire
931 593 1014 644 ipse
1047 607 1138 632 cum
1169 593 1248 632 suis
1278 592 1579 643 concupivisset,
1615 599 1683 630 tua

348 655 463 694 nobis
484 657 715 696 auctoritate
737 671 836 708 opus
858 666 916 697 est
936 659 987 696 ad
1009 659 1302 696 conlocandum
1322 657 1495 708 aliquem
1516 656 1682 695 civitatis

348 728 491 759 statum
508 736 517 769 3
547 721 627 760 sive
662 722 780 761 etiam
814 736 921 761 nunc
956 730 1155 761 certamen
1186 722 1381 772 reliquum
1411 730 1479 769 est,
1513 722 1683 760 maxima

349 798 437 835 spes
459 794 515 824 est
537 800 627 824 cum
648 789 689 825 in
709 787 942 826 auctoritate
966 795 1033 826 tua
1060 794 1143 826 turn
1173 787 1213 825 in
1234 787 1425 826 exercitus
1446 786 1502 825 tui
1523 786 1679 825 viribus.

349 851 428 888 Sed
457 865 631 901 propera,
663 865 732 902 per
761 853 882 891 deos!
940 852 1023 891 Scis
1055 859 1248 903 quantum
1278 851 1327 890 sit
1353 851 1394 890 in
1425 851 1679 902 temporibus,
1705 866 1744 889 10

350 923 542 965 quantum
564 916 603 955 in
625 916 833 956 celeritate.

287 1027 331 1064 13
407 1022 555 1061 Sororis
577 1030 667 1061 tuae
694 1022 782 1061 filiis
809 1036 929 1072 quam
957 1021 1164 1073 diligenter
1192 1023 1397 1061 consulam
1427 1036 1541 1073 spero
1570 1029 1609 1061 te
1638 1036 1686 1061 ex

353 1087 485 1126 matris
524 1095 562 1126 et
597 1102 644 1126 ex
682 1087 824 1126 sororis
862 1087 998 1126 litteris
1033 1087 1293 1138 cogniturum.
1368 1089 1460 1137 Qua
1493 1087 1534 1126 in
1568 1101 1686 1126 causa

351 1152 539 1191 maiorem
561 1153 690 1191 habeo
719 1152 911 1191 rationem
940 1160 1029 1191 tuae
1056 1152 1268 1191 voluntatis
1300 1166 1401 1203 quae
1432 1152 1544 1190 mihil
1573 1152 1685 1191 caris-

352 1217 451 1256 sima
485 1225 542 1256 est
581 1231 712 1268 quarn,
746 1225 789 1256 ut
828 1217 1068 1267 quibusdam
1101 1218 1248 1265 videor,
1282 1218 1528 1257 constantiae
1559 1231 1681 1256 meae.
1705 1233 1743 1267 15

352 1284 431 1321 Sed
451 1296 524 1333 ego
551 1284 659 1321 nulla
682 1282 722 1320 in
751 1296 791 1321 re
822 1284 927 1322 malo
947 1296 1067 1333 quam
1094 1282 1135 1321 in
1164 1290 1203 1322 te
1230 1284 1405 1322 amando
1431 1289 1617 1322 constans
1646 1288 1685 1321 et

354 1361 438 1387 esse
459 1355 497 1386 et
518 1347 650 1387 videri.

397 1483 507 1518 XVI
703 1486 772 1518 διν.
792 1485 934 1518 Athenis
951 1497 995 1518 m.
1016 1486 1107 1518 Maio
1123 1497 1152 1518 a.
1174 1497 1230 1527 711
1249 1486 1329 1528 (43).

740 1563 923 1595 BRVTVS
948 1563 1176 1595 CICERONI
1203 1563 1301 1595 SAL.

317 1650 334 1677 1
409 1641 645 1680 Particulam
666 1641 921 1680 litterularum
943 1649 1108 1689 tuarum,
1132 1655 1229 1692 quas
1250 1640 1389 1680 misisti
1411 1640 1588 1688 Octavio,
1611 1639 1687 1691 legi
1707 1655 1748 1678 20

354 1707 515 1745 missam
539 1708 588 1746 ab
619 1706 754 1745 Attico
775 1706 882 1745 mihi.
942 1706 1126 1745 Studium
1153 1714 1266 1745 tuum
1287 1720 1458 1757 curaque
1483 1708 1533 1745 de
1562 1708 1687 1745 salute

354 1786 442 1811 mea
476 1774 582 1810 nulla
614 1786 678 1810 me
709 1785 812 1810 nova
846 1773 1048 1822 voluptate
1078 1771 1233 1810 adfecit.
1294 1773 1388 1810 Non
1422 1774 1550 1810 solum
1581 1771 1687 1810 enim

354 1838 541 1876 usitatum
581 1838 651 1875 sed
689 1837 807 1875 etiam
839 1837 1084 1875 cotidianum
1116 1845 1174 1875 est
1205 1836 1355 1887 aliquid
1385 1836 1520 1875 audire
1551 1838 1602 1875 de
1636 1844 1686 1884 te,

355 1903 463 1953 quod
484 1916 555 1952 pro
585 1910 717 1940 nostra
738 1901 927 1952 dignitate
958 1902 1125 1940 fideliter
1153 1909 1272 1952 atque
1302 1901 1519 1941 honorifice
1546 1901 1687 1940 dixeris

354 1976 420 2007 aut
450 1967 596 2007 feceris.
657 1969 711 2006 At
742 1969 879 2006 dolore
911 1975 1104 2018 quantum
1135 1967 1350 2006 maximum
1381 1981 1519 2018 capere
1553 1967 1687 2006 animo
1709 1982 1746 2015 ²5

355 2048 516 2085 possum
545 2034 685 2072 eadem
712 2033 777 2071 illa
806 2047 894 2084 pars
924 2034 1115 2084 epistulae
1142 2033 1285 2084 scripta
1311 2035 1362 2072 ad
1397 2032 1608 2072 Octavium
1637 2034 1688 2071 de

355 2100 470 2138 nobis
491 2099 645 2138 adfecit.
706 2099 770 2138 Sic
791 2100 896 2139 enim
917 2100 972 2138 illi
998 2100 1138 2151 gratias
1167 2099 1248 2150 agis
1275 2100 1326 2138 de
1353 2113 1393 2137 re
1414 2098 1583 2149 publica,
1608 2105 1687 2136 tam

357 2165 582 2215 suppliciter
616 2179 662 2204 ac
696 2165 1020 2216 demisse—quid
1054 2165 1252 2204 scribam?
1285 2165 1407 2214 pudet
1441 2162 1688 2202 condicionis

356 2245 401 2269 ac
423 2233 600 2270 fortunae
618 2233 687 2270 sed
704 2240 836 2270 tamen
853 2231 1105 2270 scribendum
1123 2238 1180 2268 est
1197 2245 1203 2268 :
1234 2230 1492 2268 commendas
1513 2236 1687 2266 nostram

357 2299 522 2335 salutem
554 2297 621 2345 illi,
642 2311 743 2347 quae
774 2304 898 2336 morte
928 2310 1006 2347 qua
1033 2309 1114 2334 non
1143 2294 1428 2345 perniciosior?
1458 2301 1500 2331 ut
1530 2306 1686 2343 prorsus
1707 2305 1748 2337 30

400 2411 420 2439 9
439 2401 533 2440 prins
554 2402 584 2431 in
603 2401 681 2433 add.
699 2400 772 2432 A³=
804 2412 867 2432 ont.
890 2400 930 2430 Μ
945 2400 1031 2431 Crat.
1195 2399 1233 2428 16
1253 2398 1414 2437 posterius
1431 2397 1463 2426 in
1480 2396 1555 2427 add.
1575 2396 1690 2426 codices

359 2443 624 2483 Gnelserlgylanus
639 2449 668 2474 et
684 2445 876 2475 Drasdensis
989 2455 1030 2474 20
1055 2442 1263 2472 literularum
1285 2442 1330 2472 C:
1355 2441 1524 2471 literarum
1542 2440 1583 2469 M
1598 2439 1686 2470 Crat.

357 2489 399 2517 26
423 2488 567 2527 scriptae
585 2488 757 2518 Lehmann
