1871 2782
617 174 730 211 EPP.
763 174 842 211 AD
872 175 1109 212 BRVTVM
1482 177 1512 214 Ι.
1531 176 1592 214 xii

196 291 235 323 et
263 284 400 335 reliqui
429 286 561 323 hostes
590 284 836 324 denuntiant.
898 286 1038 335 Itaque
1068 285 1277 324 maximam
1307 300 1416 337 spem
1446 288 1523 326 hoc

197 356 372 399 tempore
403 350 594 388 habemus
625 349 665 387 in
696 357 734 387 te
767 357 886 399 atque
919 349 1088 388 exercitu
1118 358 1197 389 tu0.
1257 352 1359 390 Cum
1389 353 1438 390 ad
1468 352 1522 390 rei

196 414 376 463 publicae
397 428 591 452 summam
612 422 696 452 tum
715 415 766 453 ad
785 414 947 464 gloriam
969 422 1006 452 et
1027 415 1256 464 dignitatem
1278 424 1384 454 tuam
1409 418 1522 455 vehe-

196 486 347 516 menter
370 479 537 529 pertinet
563 486 610 525 te,
634 486 676 517 ut
701 486 793 517 ante
822 478 968 529 scripsi,
997 478 1037 516 in
1066 479 1220 517 Italiam
1244 480 1375 518 venire
1401 494 1520 530 quam

159 541 376 591 5primum.
455 545 553 593 Eget
591 543 696 582 enim
734 544 988 582 vehementer
1025 557 1116 581 cum
1150 543 1294 582 viribus
1328 543 1403 582 tuis
1437 552 1520 582 tum

196 606 313 644 etiam
334 608 498 646 consilio
519 621 578 646 res
598 607 765 658 publica.
824 609 1009 646 Veterem
1030 621 1099 657 pro
1120 607 1202 646 eius
1227 621 1316 658 erga
1342 616 1379 646 te
1406 609 1522 647 bene·
1542 614 1566 651 3

196 671 367 709 volentia
387 672 648 722 singularique
665 671 794 710 officio
810 671 976 710 libenter
991 685 1037 710 ex
1053 671 1127 710 tuis
1144 672 1279 710 litteris
1295 674 1522 722 complexus

197 749 283 774 sum
329 750 499 786 eumque
537 751 628 775 cum
667 736 722 775 tui
760 744 844 774 tum
882 736 936 774 rei
974 736 1155 786 publicae
1193 736 1523 776 studiosissimum

197 801 589 851 amantissimumque
619 801 796 851 cognovi.
855 801 1088 840 Ciceronem
1119 796 1264 840 meum'
1282 801 1522 851 propediem,

140 881 179 904 10
198 873 240 903 ut
275 878 399 914 spero,
430 866 585 905 videbo.
644 868 796 905 Tecum
833 865 938 904 enim
973 865 1082 904 illum
1119 864 1173 918 [et
1207 864 1261 919 te]
1297 865 1337 904 in
1369 866 1523 905 Italiam

197 930 372 970 celeriter
391 945 476 970 esse
495 939 704 970 venturum
724 932 894 970 confido.

240 1075 358 1111 XIII
527 1080 597 1113 Scr.
617 1081 651 1112 in
667 1081 779 1112 castris
794 1081 836 1112 K.
858 1081 970 1121 Quint.
989 1092 1019 1112 α.
1042 1091 1098 1121 711
1115 1081 1194 1122 (43).

580 1156 761 1188 BRVTVS
786 1157 1013 1188 CICERONI
1039 1157 1136 1189 SAL.

252 1237 315 1274 De
344 1236 401 1273 M.
434 1234 588 1285 Lepido
616 1233 738 1272 vereri
767 1247 831 1272 me
860 1234 963 1284 cogit
992 1234 1231 1284 reliquorum
1260 1234 1385 1273 timor.
1446 1235 1525 1284 Qui
1546 1248 1564 1275 1

140 1315 177 1347 15
197 1300 228 1339 si
248 1300 431 1350 eripuerit
456 1313 497 1338 se
523 1299 648 1346 nobis,
674 1300 782 1349 quod
805 1299 922 1338 velim
947 1307 1093 1338 temere
1119 1308 1238 1349 atque
1265 1299 1448 1339 iniuriose
1476 1302 1526 1339 de

196 1365 263 1404 illo
292 1364 477 1415 suspicati
511 1364 588 1403 sint
618 1364 810 1411 homines
845 1378 914 1403 oro
944 1372 1063 1415 atque
1097 1365 1262 1403 obsecro
1292 1373 1339 1413 te,
1372 1365 1523 1412 Cicero,

196 1429 529 1469 necessitudinem
576 1437 750 1468 nostram
788 1437 977 1479 tuamque
1019 1429 1059 1467 in
1098 1443 1162 1468 me
1210 1430 1524 1468 benevolentiam

198 1495 410 1542 obtestans,
434 1494 575 1534 sororis
596 1508 707 1533 meae
727 1494 871 1533 liberos
891 1494 1131 1533 obliviscaris
1152 1508 1236 1533 esse
1257 1494 1398 1544 Lepidi
1425 1494 1524 1533 filios

197 1574 341 1611 meque
372 1560 417 1598 iis
448 1560 489 1598 in
519 1559 638 1611 patris
669 1561 802 1598 locum
833 1559 1067 1599 successisse
1101 1559 1307 1598 existimes.
1368 1562 1460 1598 Hoc
1494 1559 1527 1598 si

139 1639 220 1664 20a
258 1634 296 1664 te
329 1625 507 1675 impetro,
542 1625 639 1664 nihil
673 1627 849 1676 profecto
887 1625 1086 1664 dubitabis
1124 1639 1195 1675 pro
1233 1625 1278 1664 iis
1317 1625 1524 1675 suscipere.

197 1691 321 1729 Aliter
353 1691 418 1729 alii
452 1705 542 1730 cum
577 1691 656 1730 suis
687 1691 821 1729 vivunt
837 1706 847 1738 ,·
886 1690 983 1729 nihil
1015 1704 1087 1741 ego
1121 1704 1282 1741 possum
1314 1690 1353 1728 in
1385 1690 1525 1729 sororis

197 1769 308 1794 meae
346 1756 475 1794 liberis
509 1758 635 1795 facere
673 1770 753 1807 quo
790 1756 914 1807 possit
947 1755 1091 1805 expleri
1123 1757 1304 1794 voluntas
1338 1769 1425 1793 mea
1457 1763 1524 1794 aut

197 1820 380 1859 officium.
440 1821 548 1871 Quid
582 1835 673 1860 vero
710 1829 778 1859 aut
815 1821 912 1859 mihi
945 1821 1114 1859 tribuere
1148 1820 1243 1858 boni
1281 1827 1454 1869 possunt,
1491 1819 1524 1857 si

198 1887 320 1924 modo
346 1885 454 1935 digni
481 1900 616 1924 sumus
646 1886 789 1935 quibus
818 1885 967 1935 aliquid
996 1885 1195 1931 tribuatur,
1219 1892 1285 1922 aut
1312 1897 1384 1933 ego
1412 1883 1524 1921 matri

140 1965 178 1997 ²5
198 1964 244 1989 ac
264 1950 386 1989 sorori
414 1950 623 2001 puerisque
652 1950 726 1988 illis
755 1957 1017 2000 praestaturus
1047 1963 1145 1995 sum,
1177 1948 1208 1986 si
1237 1948 1333 1986 nihil
1362 1947 1524 1986 valuerit

197 2018 304 2066 apud
351 2024 390 2054 te
434 2015 706 2065 reliquumque
748 2023 926 2053 senatum
965 2022 1100 2053 contra
1138 2021 1287 2063 patrem
1327 2012 1522 2062 Lepidum

199 2083 342 2118 Brutus
374 2082 621 2119 avunculus?
690 2080 866 2118 Scribere
900 2081 1022 2117 multa
1052 2080 1103 2117 ad
1137 2087 1175 2116 te
1205 2092 1333 2128 neque
1361 2091 1521 2127 possum
1543 2085 1568 2114 2

198 2159 289 2196 prae
323 2145 586 2184 sollicitudine
619 2159 664 2183 ac
696 2147 900 2183 stomacho
932 2159 1060 2194 neque
1090 2144 1229 2183 debeo.
1289 2145 1393 2181 Nam
1423 2142 1453 2181 si
1484 2143 1523 2180 in

198 2219 306 2249 tanta
344 2224 384 2249 re
422 2219 581 2261 tamque
615 2211 833 2249 necessaria
869 2210 995 2249 verbis
1031 2210 1125 2248 mihi
1164 2223 1263 2259 opus
1302 2216 1359 2247 est
1397 2210 1447 2246 ad
1485 2215 1524 2246 te

140 2289 182 2321 30
200 2275 450 2314 excitandum
485 2283 522 2314 et
554 2276 880 2322 confirmandum,
912 2276 1018 2312 nulla
1052 2288 1139 2324 spes
1169 2282 1227 2312 est
1261 2275 1453 2311 facturum
1487 2279 1525 2310 te

247 2390 284 2409 10
308 2384 341 2410 et
358 2385 391 2410 te
406 2379 540 2410 seclusi:
565 2389 640 2410 esse
659 2379 751 2410 Alam.
774 2379 846 2409 (dcl.
865 2388 939 2408 esse
957 2378 975 2409 Ι.
996 2379 1046 2416 Ιι)
1067 2390 1073 2408 :
1098 2388 1172 2407 esse
1190 2383 1222 2407 et
1236 2383 1268 2407 te
1286 2377 1370 2407 Boot
1489 2387 1526 2416 17

201 2422 233 2454 in
252 2433 304 2454 me
321 2422 372 2452 A*
392 2423 477 2454 Crat.
501 2423 596 2463 (fort.
618 2437 642 2447 ε
664 2422 722 2463 Ls)
743 2421 815 2453 RI:
839 2432 904 2453 om.
924 2422 964 2452 M
1082 2431 1123 2451 22
1148 2421 1261 2451 liberis
1280 2421 1326 2451 C:
1350 2421 1473 2452 liberos
1491 2421 1530 2451 M
