1871 2782
400 176 954 215 COMMENTARIOLVM
985 177 1309 216 PETITIONIS
1467 186 1494 224 4
1517 193 1556 225 14

193 298 354 324 necesse
391 294 459 325 est.
521 288 606 325 Iam
640 287 736 326 illud
767 294 849 326 tute
879 287 1179 338 circumspicito,
1213 290 1322 339 quod
1359 290 1410 329 ad
1449 290 1522 330 Cn.

195 350 359 400 Pompei
379 351 542 401 gloriam
561 353 784 402 augendam
798 360 908 391 tanto
924 353 1055 392 studio
1076 361 1113 392 te
1133 354 1287 402 dedisti,
1307 368 1403 393 num
1423 368 1524 405 quos

194 414 265 452 tibi
286 423 399 464 putes
420 416 472 455 ob
493 429 580 454 eam
599 430 759 454 causam
779 430 864 455 esse
883 417 1043 456 amicos.
1103 419 1235 467 Quam
1256 419 1309 458 ob
1329 433 1410 458 rem
1431 433 1523 458 cum

194 486 233 517 et
254 493 453 518 summum
477 483 609 520 locum
630 481 795 519 civitatis
816 490 925 532 petas
946 490 984 520 et
1013 482 1146 521 videas
1167 497 1253 522 esse
1273 483 1403 522 studia
1423 497 1524 534 quae

158 555 175 586 5
195 545 458 592 adversentur,
476 545 665 584 adhibeas
685 559 846 585 necesse
866 553 925 585 est
944 560 1105 586 omnem
1126 547 1317 587 rationem
1338 556 1376 587 et
1391 562 1525 587 curam

195 617 234 648 et
255 611 429 649 laborem
450 619 488 649 et
507 610 761 660 diligentiam.

252 677 301 713 Et
333 676 470 726 petitio
509 676 754 727 magistratus
792 676 917 716 divisa
954 684 1012 716 est
1050 677 1090 716 in
1128 679 1295 717 duarum
1329 677 1526 717 rationum

195 739 449 789 diligentiam,
484 755 649 791 quarum
681 743 802 780 altera
830 741 871 781 in
903 743 1121 781 amicorum
1150 744 1301 791 studiis,
1336 746 1458 782 altera
1486 743 1526 782 in

195 805 373 854 populari
393 807 594 844 voluntate
610 808 797 856 ponenda
809 814 877 845 est.
936 807 1168 846 Amicorum
1181 808 1311 846 studia
1324 807 1526 847 beneficiis

137 883 175 907 10
194 877 233 908 et
264 870 400 908 officiis
432 878 470 908 et
504 879 697 909 vetustate
732 879 770 910 et
803 871 988 910 facilitate
1017 885 1063 910 ac
1092 872 1336 911 iucunditate
1365 880 1526 911 naturae

193 942 303 985 parta
322 948 407 973 esse
428 943 594 984 oportet.
654 937 733 975 Sed
757 938 834 975 hoc
863 950 1012 975 nomen
1037 936 1255 975 amicorum
1276 937 1315 974 in
1336 936 1526 987 petitione

193 999 307 1038 latius
341 1008 449 1050 patet
478 1014 598 1050 quam
633 1001 673 1040 in
707 1009 836 1040 cetera
865 1001 953 1040 vita.
1015 1001 1204 1052 Quisquis
1235 1009 1293 1040 est
1323 1002 1428 1040 enim
1458 1002 1526 1052 qui

193 1065 377 1103 ostendat
414 1065 564 1115 aliquid
602 1066 643 1104 in
674 1074 712 1105 te
745 1066 968 1114 voluntatis,
1005 1066 1073 1116 qui
1107 1068 1221 1114 colat,
1258 1066 1326 1117 qui
1359 1068 1524 1106 domum

193 1130 366 1177 ventitet,
390 1130 422 1169 is
442 1130 482 1169 in
505 1130 723 1170 amicorum
748 1144 913 1170 numero
933 1138 991 1169 est
1016 1131 1234 1169 habendus.
1294 1132 1372 1169 Sed
1392 1138 1526 1169 tamen

137 1206 173 1239 15
194 1194 261 1245 qui
287 1203 378 1234 sunt
401 1195 518 1233 amici
547 1209 595 1234 ex
621 1209 738 1234 causa
761 1195 921 1234 iustiore
948 1195 1193 1245 cognationis
1220 1202 1289 1234 aut
1311 1194 1525 1234 adfinitatis

193 1267 260 1298 aut
279 1259 496 1298 sodalitatis
511 1259 675 1298 alicuius
695 1259 1008 1307 necessitudinis,
1027 1259 1072 1297 iis
1093 1273 1228 1298 carum
1248 1267 1286 1298 et
1306 1260 1524 1298 iucundum

193 1337 279 1362 esse
310 1323 478 1362 maxime
511 1325 682 1373 prodest,
742 1324 900 1363 Deinde
929 1332 971 1363 ut
1001 1323 1169 1375 quisque
1198 1332 1256 1363 est
1289 1324 1450 1363 intimus
1479 1338 1524 1363 ac

194 1388 362 1426 maxime
385 1388 638 1436 domesticus,
660 1396 703 1427 ut
729 1388 760 1427 is
786 1397 892 1427 amet
919 1396 957 1427 et
981 1402 1100 1439 quam
1123 1388 1410 1439 amplissimum
1440 1403 1526 1429 esse

194 1462 232 1492 te
255 1453 387 1504 cupiat
413 1455 527 1493 valde
550 1455 835 1493 elaborandum
860 1462 928 1502 est,
951 1462 1036 1492 tum
1066 1461 1108 1492 ut
1132 1454 1305 1502 tribuleS‚
1327 1461 1370 1493 ut
1395 1454 1524 1503 vicini,

137 1536 176 1560 20
194 1527 237 1558 ut
270 1518 442 1566 clientes,
476 1526 519 1557 ut
553 1518 726 1569 denique
757 1518 895 1566 liberti,
928 1526 1130 1569 postremo
1161 1518 1280 1557 etiam
1314 1518 1412 1557 servi
1442 1519 1498 1558 tui
1515 1533 1527 1568 3

194 1598 287 1623 nam
319 1586 397 1624 fere
430 1584 559 1623 omnis
597 1598 726 1624 sermo
756 1586 807 1624 ad
839 1586 1035 1624 forensem
1069 1586 1215 1623 famam
1245 1598 1268 1623 a
1299 1584 1526 1623 domesticis

194 1659 352 1689 emanat
390 1651 627 1690 auctoribus.
706 1650 891 1701 Denique
929 1658 1021 1689 sunt
1061 1650 1292 1690 instituendi
1335 1649 1525 1700 cuiusque

193 1716 344 1766 generis
357 1716 543 1764 amici,ad
557 1716 729 1767 speciem
743 1717 924 1756 homines
939 1716 1119 1755 inlustres
1133 1718 1337 1755 honoreac
1350 1715 1522 1763 nomine,

194 1780 262 1831 qui
285 1781 403 1820 etiam
423 1781 455 1819 si
479 1782 715 1832 suffragandi
739 1782 868 1821 studia
894 1795 976 1821 non
1005 1789 1161 1829 navant,
1187 1789 1320 1820 tamen
1343 1781 1526 1820 adferunt

134 1861 149 1883 2
157 1862 174 1893 5
194 1846 350 1897 petitori
374 1847 524 1897 aliquid
548 1847 747 1897 dignitatis
761 1863 772 1895 3
804 1848 856 1886 ad
883 1847 942 1885 ius
971 1847 1235 1885 obtinendum
1265 1845 1521 1896 magistratus,

193 1925 240 1950 ex
270 1912 413 1961 quibus
446 1912 613 1951 maxime
643 1913 837 1959 consules,
871 1912 1016 1950 deinde
1046 1911 1192 1950 tribuni
1226 1912 1290 1961 pl.,
1322 1911 1374 1949 ad
1404 1911 1524 1949 confi-

191 1975 351 2014 ciendas
364 1976 558 2014 centurias
572 1976 752 2014 homines
765 1976 970 2014 excellenti
983 1975 1112 2026 gratia.
1150 1975 1230 2024 Qui
1242 1975 1313 2013 abs
1327 1982 1364 2013 te
1378 1974 1523 2012 tribum

190 2049 257 2080 aut
273 2041 488 2080 centuriam
505 2050 571 2080 aut
590 2041 752 2092 aliquod
768 2041 1006 2080 beneficium
1021 2049 1088 2080 aut
1105 2041 1252 2080 habent
1265 2045 1337 2078 aut
1354 2047 1520 2091 sperant,

235 2158 254 2178 2
278 2148 399 2178 dedisti
417 2148 503 2187 vulg.
522 2159 529 2178 :
553 2147 709 2178 dedidisti
734 2158 772 2177 ex
786 2147 938 2177 codicibus
955 2157 1020 2176 non
1038 2147 1138 2176 nullis
1158 2145 1363 2185 lVescnlerg:
1387 2143 1524 2174 edidisti

191 2190 261 2221 ΓΗ
389 2201 407 2229 5
433 2192 492 2221 tibi
516 2191 740 2221 adversantur
762 2190 833 2221 dett.
971 2200 987 2228 7
1014 2190 1135 2221 Petitio
1161 2194 1272 2220 autern
1291 2187 1466 2219 Biiclzeler:
1490 2193 1524 2219 et

191 2235 394 2273 peticionem
413 2234 458 2265 F:
485 2239 518 2264 et
536 2235 704 2273 petionem
722 2233 762 2263 H
847 2234 1063 2272 magistratus
1081 2232 1168 2263 FH:
1192 2238 1299 2263 -tuum
1315 2232 1386 2263 dell.
1485 2241 1523 2268 14

191 2278 223 2308 in
241 2288 305 2308 om.
323 2278 356 2307 F
442 2287 478 2315 17
497 2277 649 2316 quisquis
661 2276 708 2309 H.
721 2276 815 2316 quod,
829 2282 863 2307 ut
875 2277 979 2313 deleto,
993 2278 1103 2306 retinet
1111 2276 1261 2306 Balzrens
1339 2277 1376 2306 18
1395 2277 1422 2307 is
1435 2280 1523 2306 amet

191 2326 226 2351 et
243 2331 341 2360 quam
366 2320 449 2361 Lag.
470 2332 512 2360 50
528 2322 639 2360 vulga
665 2320 692 2350 is
717 2325 805 2350 amet
829 2321 918 2358 quod
937 2320 1022 2350 FH:
1048 2320 1075 2350 is
1101 2322 1201 2350 etiam
1226 2329 1325 2358 quam
1349 2319 1523 2350 Bz'iclzeler:

193 2364 238 2394 ita
255 2365 398 2395 maxime
416 2375 515 2403 quam
533 2363 656 2394 Mieller
745 2374 783 2402 19
806 2369 874 2393 tum
892 2364 958 2394 secl.
984 2362 1173 2403 H’esenbetg
1259 2364 1300 2393 28
1323 2368 1380 2393 aut
1397 2364 1523 2393 habent

192 2413 250 2438 aut
273 2414 410 2447 sperant
428 2408 599 2439 Baclzeler:
630 2413 665 2438 ut
682 2407 827 2438 habeant
855 2407 984 2447 [fletum
1010 2412 1163 2448 superscn
1190 2405 1231 2436 H
1237 2405 1259 2447 ¹)
1280 2411 1419 2447 sperent
1437 2404 1505 2437 ΓΗ
1516 2417 1523 2436 2

193 2452 338 2483 habeant
357 2457 413 2482 aut
430 2457 568 2492 sperent
590 2449 780 2493 H‘⁷esenbcrg

1548 438 1583 469 15

1550 703 1588 735 16

1548 1656 1584 1687 18
