1871 2782
689 471 1229 511 PsEVDo-CICERONis

412 571 786 625 EPISTVLA
831 574 939 624 AD
990 572 1502 624 OCTAVIANVM

655 724 831 755 CICERO
857 723 1129 754 OCTAVIANO
1155 723 1253 754 SAL.

252 810 270 836 1
342 803 383 840 Sl
424 815 493 852 per
531 809 616 839 tuas
646 801 820 850 legiones
851 800 947 838 mihi
976 800 1127 838 licitum
1157 799 1303 847 fuisset,
1340 814 1440 851 quae
1470 802 1622 840 nomini

287 879 378 904 meo
425 866 643 916 populique
693 865 867 917 Romani
911 872 1001 903 sunt
1047 864 1351 912 inimicissimae,
1401 865 1534 904 venire
1580 866 1620 905 in

286 938 467 970 senatum
497 944 710 980 coramque
732 931 782 968 de
803 944 842 968 re
867 929 1027 979 publica
1056 930 1267 980 disputare,
1290 929 1469 968 fecissem
1491 944 1620 981 neque

285 1005 365 1035 tarn
396 997 562 1036 libenter
592 1010 710 1047 quarn
739 995 970 1034 necessario.
1031 997 1151 1034 Nulla
1180 995 1286 1034 enim
1316 996 1490 1034 remedia
1519 1011 1619 1047 quae
1640 1011 1656 1042 5

284 1062 510 1101 vulneribus
530 1062 770 1101 adhibentur
791 1068 870 1099 tam
898 1061 1047 1099 faciunt
1068 1062 1246 1100 dolorem
1267 1074 1386 1111 quam
1408 1075 1508 1111 quae
1528 1071 1619 1101 sunt

284 1128 476 1167 salutaria.
536 1129 614 1166 Sed
644 1127 834 1177 quoniam
866 1126 1094 1165 cohortibus
1124 1126 1281 1164 armatis
1311 1126 1618 1178 circumsaeptus

283 1202 441 1233 senatus
472 1193 568 1231 nihil
602 1193 709 1231 aliud
747 1206 836 1231 vere
870 1199 1000 1242 potest
1035 1192 1246 1230 decernere
1284 1191 1358 1230 nisi
1393 1192 1529 1231 timere
1561 1192 1617 1244 (in

283 1258 482 1309 Capitolio
508 1258 618 1307 signa
652 1265 753 1304 sunt,
787 1257 827 1294 in
855 1257 950 1295 urbe
983 1257 1125 1295 milites
1157 1264 1355 1307 vagantur,
1391 1257 1431 1295 in
1463 1259 1617 1308 Campo

280 1331 406 1362 castra
426 1330 637 1373 ponuntur,
657 1322 770 1361 Italia
790 1330 871 1360 tota
891 1321 1111 1372 legionibus
1131 1323 1182 1360 ad
1203 1322 1422 1360 libertatem
1443 1330 1615 1361 nostram
1638 1339 1676 1360 10

281 1388 512 1438 conscriptis
546 1389 597 1426 ad
631 1387 857 1425 servitutem
891 1386 1074 1425 adductis
1108 1386 1365 1436 equitatuque
1399 1395 1615 1426 exterarum

280 1453 487 1492 nationum
521 1452 757 1501 distinetur),
791 1453 931 1490 cedam
961 1451 1032 1490 tibi
1062 1452 1101 1490 in
1131 1451 1351 1502 praesentia
1380 1453 1474 1499 foro,
1510 1454 1616 1492 curia

279 1526 318 1557 et
360 1517 616 1557 sanctissimis
654 1519 819 1556 deorum
858 1516 1140 1555 immortalium
1184 1516 1350 1567 templis,
1392 1517 1431 1555 in
1471 1518 1614 1568 quibus

279 1584 536 1623 reviviscente
567 1583 644 1621 iam
679 1583 857 1621 libertate
889 1582 1034 1621 deinde
1070 1596 1199 1621 rursus
1235 1596 1421 1632 oppressa
1455 1592 1613 1623 senatus

238 1658 265 1687 2
280 1648 378 1687 nihil
398 1648 624 1695 consulitur,
648 1648 759 1686 timet
780 1649 911 1694 multa,
935 1654 1154 1686 assentatur
1174 1647 1318 1685 omnia.
1378 1649 1473 1686 Post
1493 1649 1611 1687 etiam
1637 1664 1671 1696 ¹5

279 1716 398 1763 paulo
428 1713 670 1764 temporibus
700 1713 753 1751 ita
782 1713 1071 1762 postulantibus
1101 1714 1241 1752 cedam
1270 1714 1377 1760 urbe,
1401 1727 1519 1763 quam
1544 1727 1613 1764 per

278 1793 343 1818 me
374 1786 645 1817 conservatam
684 1786 726 1816 ut
764 1786 866 1817 esset
906 1778 1028 1816 libera
1067 1778 1107 1816 in
1145 1778 1329 1817 servitute
1360 1778 1492 1817 videre
1531 1793 1610 1817 non

278 1851 426 1894 potero,
450 1844 590 1881 cedam
619 1843 709 1890 vita,
732 1857 833 1893 quae
860 1857 1101 1893 quamquam
1132 1843 1297 1882 sollicita
1326 1851 1384 1882 est
1415 1851 1555 1890 tamen,
1579 1845 1611 1883 si

277 1909 479 1958 profutura
499 1916 557 1946 est
578 1908 631 1946 rei
652 1908 843 1958 publicae,
868 1909 973 1946 bona
998 1922 1067 1958 spe
1093 1908 1330 1958 posteritatis
1352 1922 1415 1947 me
1435 1911 1611 1948 consola-

275 1979 345 2019 tur,
376 1986 455 2023 qua
485 1974 638 2011 sublata
667 1987 748 2011 non
778 1973 1004 2011 dubitanter
1036 1973 1216 2012 occidam
1247 1981 1366 2023 atque
1392 1973 1445 2011 ita
1469 1976 1608 2013 cedam
1629 1988 1669 2012 20

275 2044 316 2075 ut
338 2039 492 2075 fortuna
513 2037 659 2076 iudicio
686 2051 786 2084 meo,
811 2052 891 2075 non
915 2038 1069 2076 animus
1100 2038 1196 2076 mihi
1223 2038 1394 2076 defuisse
1418 2038 1604 2078 videatur.

275 2103 380 2140 Illud
401 2115 502 2149 vero,
526 2103 635 2151 quod
652 2109 689 2140 et
710 2102 878 2141 recentis
899 2102 1045 2141 doloris
1072 2103 1192 2141 habet
1219 2102 1409 2141 indicium
1438 2110 1475 2141 et
1501 2117 1608 2153 prae-

317 2207 338 2235 6
360 2217 459 2245 quam
473 2217 557 2245 quae
572 2211 650 2236 sunt
666 2206 705 2236 M
722 2205 832 2245 (codex
848 2205 1008 2236 Mediceus
1025 2216 1076 2245 49.
1097 2206 1148 2244 18)
1165 2217 1171 2235 :
1196 2206 1347 2244 quamvis
1365 2206 1432 2235 sint
1453 2206 1482 2235 T
1496 2206 1606 2237 x'codex

273 2259 288 2278 c
304 2259 367 2287 quo
386 2249 554 2279 Turnebus
566 2254 673 2289 pauca
682 2250 806 2289 profirt
824 2250 857 2279 in
878 2248 1121 2280 ‘Adversaris's'
1136 2249 1202 2279 xvi.
1223 2250 1253 2287 8,
1269 2254 1303 2289 p.
1323 2249 1402 2288 481)
1419 2260 1426 2287 3
1449 2248 1605 2287 F(codex

273 2292 482 2331 Etfiniensz's,
500 2304 588 2323 nunc
602 2293 835 2331 Berolinensfs)
850 2304 857 2330 3
882 2292 923 2322 H
937 2292 1051 2333 (codex
1066 2291 1271 2322 Harlcianus
1287 2293 1389 2327 2682)
1494 2293 1514 2322 8
1538 2293 1602 2323 nisi

273 2335 392 2365 timere
410 2335 469 2366 M:
494 2336 557 2366 nisi
574 2347 610 2366 se
628 2342 745 2366 t1mere
763 2335 803 2365 H
819 2337 906 2367 Crat.
1044 2345 1080 2374 15
1104 2341 1298 2367 assentatur
1317 2334 1426 2367 CFH:
1458 2336 1601 2366 assenti-

273 2383 326 2408 tur
342 2378 382 2407 M
535 2381 616 2418 15-6
642 2379 721 2410 Post
739 2404 745 2410 .
766 2404 773 2411 .
793 2405 800 2412 .
821 2380 1068 2418 postulantibus
1084 2390 1148 2410 om.
1169 2379 1239 2410 FH
1390 2390 1433 2410 22
1457 2380 1602 2410 recentis

275 2422 319 2453 C:
346 2423 538 2462 praesentis
555 2422 664 2453 MFH
735 2423 837 2454 habet
857 2423 972 2454 CFH:
999 2429 1051 2454 cst
1068 2423 1110 2454 M
