1871 2782
602 174 713 211 EPP.
746 174 824 211 AD
856 174 1092 211 BRVTVM
1448 174 1477 210 I.
1497 172 1575 210 xiv

177 284 276 322 citus
310 292 441 324 autem
477 284 664 331 Caesaris,
702 285 768 335 qui
803 292 882 323 erat
916 284 1099 335 optimus,
1135 298 1215 323 non
1251 285 1371 324 modo
1405 284 1501 322 nihil

177 350 335 398 prodest
370 351 438 388 sed
468 349 585 388 etiam
615 349 718 399 cogit
747 349 959 387 exercitum
989 357 1099 387 tuum
1130 349 1301 399 flagitari.
1362 349 1441 398 Qui
1471 349 1502 387 si

180 413 333 451 Italiam
363 414 541 464 attigerit,
575 414 645 452 erit
675 414 769 451 civis
799 427 916 452 nemo
946 427 1064 463 quem
1094 414 1254 464 quidem
1286 414 1410 452 civem
1439 427 1504 464 ap-

179 478 311 527 pellari
346 480 401 516 fas
440 479 498 525 sit,
536 478 603 528 qui
637 492 677 516 se
712 492 791 515 non
827 478 866 515 in
901 485 967 516 tua
1000 485 1124 516 castra
1158 480 1342 517 conferat.
1421 478 1503 517 Etsi

141 554 159 584 5
181 545 345 580 Brutum
375 544 570 592 praeclare
599 556 690 580 cum
722 544 869 580 Planco
899 542 1154 581 coniunctum
1185 544 1400 590 habemusg
1435 544 1503 581 sed

179 620 259 644 non
290 607 442 656 ignoras
472 621 591 656 quam
625 606 701 644 sint
735 606 871 645 incerti
905 612 943 645 et
976 606 1097 644 animi
1131 607 1337 645 hominum
1372 607 1504 645 infecti

178 671 352 721 partibus
387 679 424 710 et
459 671 582 710 exitus
617 671 864 721 proeliorum.
938 671 1046 719 Quin
1078 671 1194 710 etiam
1227 672 1269 719 si,
1303 680 1345 710 ut
1379 685 1503 722 spero,

178 735 396 783 vicerimus,
426 744 557 774 tamen
585 750 766 786 magnam
796 736 1120 786 gubernationem
1151 736 1206 774 tui
1236 736 1374 775 consili
1404 745 1507 774 tuae-

180 813 257 849 que
286 800 525 838 auctoritatis
555 814 615 839 res
643 800 890 839 desiderabit.
951 800 1123 839 Subveni
1151 800 1274 850 igitur,
1304 815 1371 851 per
1398 803 1504 847 deos,

124 878 162 899 10
180 864 300 914 idque
321 879 439 915 quam
460 865 629 914 primum
651 865 800 915 tibique
820 866 1012 915 persuade
1033 879 1113 903 non
1134 873 1171 904 te
1194 865 1331 904 Idibus
1356 866 1506 904 Martiis

180 930 323 980 quibus
363 930 587 968 servitutem
620 944 643 968 a
681 930 755 968 tuis
791 930 940 968 civibus
979 930 1163 980 depulisti
1197 932 1283 981 plus
1317 930 1507 980 profuisse

180 994 327 1045 patriae
347 1008 465 1045 quam
494 994 525 1033 si
552 1003 702 1034 mature
728 995 878 1034 veneris
906 997 1161 1045 profuturum.
1221 1008 1246 1033 v
1268 996 1364 1035 Idus
1386 995 1508 1044 Quin-

180 1059 276 1098 tiles.

223 1195 308 1230 XV
435 1197 504 1229 Ser.
524 1197 653 1229 Romae
668 1197 734 1229 circ.
755 1197 836 1229 med.
857 1209 901 1228 m.
923 1198 1034 1237 Quint.
1054 1209 1083 1230 α.
1106 1208 1161 1238 711
1180 1197 1261 1239 (43).

124 1284 160 1316 15
606 1275 781 1305 CICERO
807 1274 965 1306 BRVTO
991 1274 1087 1306 SAL.

237 1354 449 1391 Messalam
488 1352 621 1391 habes.
695 1352 851 1401 Quibus
889 1352 1004 1402 igitur
1040 1351 1176 1391 litteris
1214 1358 1294 1390 tam
1332 1357 1548 1390 accurateI

183 1417 333 1468 seriptis
354 1417 518 1468 adsequi
539 1431 712 1467 possum,
736 1417 916 1456 subtilius
937 1425 979 1456 ut
999 1417 1190 1467 explicem
1212 1431 1312 1468 quae
1332 1424 1513 1467 gerantur

183 1496 365 1532 quaeque
399 1482 475 1520 sint
508 1482 547 1520 in
582 1496 622 1521 re
656 1482 824 1532 publica,
856 1496 975 1532 quam
1005 1482 1076 1521 tibi
1109 1482 1141 1521 is
1175 1489 1345 1532 exponet
1374 1481 1441 1531 qui
1475 1488 1513 1519 et

185 1547 333 1597 optime
368 1547 501 1586 omnia
534 1547 643 1585 novit
681 1553 719 1586 et
758 1547 1044 1598 elegantissime
1079 1547 1261 1597 expedire
1292 1554 1330 1585 et
1363 1548 1513 1585 deferre

126 1627 166 1649 20
185 1613 236 1650 ad
256 1620 293 1650 te
314 1614 472 1662 potest?
529 1613 635 1651 Cave
655 1612 761 1651 enirn
782 1612 989 1659 existimes,
1013 1615 1132 1650 Brute
1154 1612 1411 1663 (quamquam
1432 1624 1512 1649 non

185 1691 346 1716 necesse
372 1683 430 1715 est
457 1690 503 1715 ea
529 1691 592 1715 me
619 1678 670 1715 ad
696 1684 734 1716 te
761 1691 861 1727 quae
888 1676 959 1715 tibi
986 1684 1079 1715 nota
1103 1684 1193 1715 sunt
1222 1675 1389 1715 scribere
1404 1690 1414 1723 3
1443 1676 1512 1714 sed

184 1749 316 1781 tamen
364 1748 513 1780 tantam
556 1741 735 1780 omnium
777 1743 939 1780 laudum
978 1741 1247 1780 excellentiam
1291 1754 1371 1779 non
1410 1753 1512 1789 queo

184 1806 338 1845 silentio
368 1805 606 1857 praeterire),
635 1820 729 1845 cave
762 1814 876 1856 putes
910 1807 1114 1856 probitate,
1147 1805 1376 1851 constantia,
1409 1818 1509 1849 cura,

184 1871 317 1910 studio
343 1871 397 1910 rei
417 1871 599 1921 publicae
626 1871 838 1921 quicquam
864 1871 917 1908 illi
939 1885 1023 1909 esse
1050 1870 1185 1917 simile,
1209 1878 1251 1908 ut
1275 1867 1509 1919 eloquentia,

125 1949 162 1981 25
184 1949 262 1986 qua
300 1935 526 1974 mirabiliter
564 1935 727 1982 excellit,
758 1935 820 1973 vix
854 1935 893 1973 in
932 1949 980 1974 eo
1018 1937 1149 1973 locum
1181 1936 1231 1973 ad
1269 1935 1511 1972 laudandum

184 2002 328 2039 habere
366 2000 567 2047 videatur3
615 2014 855 2050 quamquam
894 1999 933 2038 in
972 2001 1046 2038 hae
1085 2000 1169 2049 ipsa
1203 1997 1393 2049 sapientia
1425 1999 1512 2048 plus

183 2073 368 2115 apparet3
415 2063 467 2102 ita
504 2064 609 2114 gravi
648 2063 794 2102 iudicio
832 2066 1033 2114 multaque
1070 2072 1151 2102 arte
1190 2077 1231 2102 se
1269 2063 1440 2102 exercuit
1473 2062 1512 2100 in

183 2130 385 2169 verissimo
408 2143 549 2179 genere
579 2128 748 2168 dicendi.
808 2131 937 2167 Tanta
965 2137 1096 2168 autem
1127 2128 1317 2168 industria
1346 2135 1403 2166 est
1433 2135 1514 2166 tan-

184 2203 348 2245 tumque
376 2194 530 2244 evigilat
558 2195 597 2232 in
625 2195 756 2233 studio
783 2202 824 2232 ut
848 2209 928 2233 non
954 2195 1122 2232 maxima
1149 2194 1316 2244 ingenio,
1340 2194 1448 2242 quod
1473 2191 1512 2230 in

126 2273 166 2304 30
185 2274 233 2299 eo
264 2273 462 2299 summum
494 2267 562 2307 est,
596 2260 716 2309 gratia
750 2260 933 2298 habenda
966 2259 1151 2298 videatur.
1212 2261 1289 2297 Sed
1321 2259 1555 2308 provehor2

228 2366 248 2394 6
272 2368 305 2393 et
322 2363 423 2394 animi
449 2363 618 2393 hominurn
644 2363 787 2394 Lamlm
821 2362 921 2392 animi
947 2362 1033 2393 hom.
1062 2367 1095 2392 et
1122 2362 1163 2392 M
1294 2371 1329 2391 11
1356 2361 1513 2400 depulisti

186 2407 335 2437 Ernesti:
358 2407 508 2445 repulisti
526 2407 567 2437 M
674 2409 716 2436 26
739 2407 924 2445 sapientiae
940 2406 1090 2436 Faernus
1205 2416 1247 2444 30
1271 2405 1423 2435 videatur
1439 2404 1490 2434 M²
1507 2417 1513 2434 :

185 2451 245 2482 sed
265 2449 331 2481 M¹=
355 2451 397 2480 sit
414 2450 527 2480 Baiter
