1871 2782
253 162 283 199 Ι.
303 161 394 197 xvii
708 162 765 199 Μ.
797 161 966 199 TVLLI
997 162 1304 201 CICERONIS

335 270 405 309 tibi
435 270 509 309 nisi
544 285 679 319 unum,
712 271 823 322 pueri
861 279 900 311 et
933 272 1192 323 cupiditatem
1229 279 1269 311 et
1303 272 1504 312 licentiam
1536 274 1669 324 potius

333 349 420 374 esse
440 335 636 374 inritatam
659 350 780 387 quam
807 351 1024 387 repressam
1043 351 1067 376 a
1088 337 1293 386 Cicerone,
1315 345 1551 389 tantumque
1576 353 1668 378 eum

334 400 503 439 tribuere
524 401 616 439 huic
637 401 906 452 indulgentiae
925 409 969 441 ut
988 415 1031 441 se
1050 402 1272 442 maledictis
1292 417 1375 442 non
1400 403 1598 443 abstineat
1622 404 1668 443 iis

334 465 495 516 quidem
527 480 628 516 quae
657 466 697 504 in
728 466 857 517 ipsum
886 467 1097 518 dupliciter
1124 470 1317 516 recidunt,
1341 469 1450 519 quod
1480 476 1518 507 et
1547 468 1668 520 pluris

334 531 480 570 occidit
518 545 599 570 uno
633 520 755 582 seque
793 532 899 583 prius
937 541 1093 584 oportet
1130 534 1297 572 fateatur
1336 533 1516 572 sicarium
1548 547 1667 584 quam
1687 548 1705 582 5

334 596 478 635 obiciat
509 597 659 636 Cascae
686 598 797 648 quod
825 597 948 637 obicit
978 606 1017 637 et
1047 598 1221 637 imitatur
1254 598 1293 637 in
1322 600 1448 638 Casca
1478 598 1661 637 Bestiam.

335 664 399 700 An
420 662 511 712 quia
531 676 612 700 non
633 662 818 701 omnibus
838 662 944 702 horis
969 662 1160 701 iactamus
1183 665 1279 702 Idus
1302 663 1464 702 Martias
1492 663 1668 702 similiter

333 734 451 777 atque
478 727 543 766 ille
568 729 706 766 Nonas
731 727 964 766 Decembris
995 741 1083 766 suas
1111 728 1151 766 in
1179 742 1245 767 ore
1274 729 1403 775 habet,
1428 742 1476 767 eo
1505 729 1666 768 meliore

333 792 570 830 condicione
598 792 739 832 Cicero
768 792 1076 843 pulcherrimum
1106 794 1253 831 factum
1283 792 1518 844 vituperabit
1545 807 1664 843 quam

334 857 465 895 Bestia
481 864 519 896 et
537 857 701 897 Clodius
722 858 1008 908 reprehendere
1029 857 1130 896 illius
1151 859 1401 897 consulatum
1422 857 1524 897 soliti
1545 861 1664 897 sunt?
1685 874 1726 899 ιο

288 928 311 956 2
333 922 571 961 Sustinuisse
606 922 704 960 mihi
736 922 922 973 glqriatur
960 923 1108 961 bellum
1144 922 1295 961 Antoni
1335 930 1488 973 togatus
1524 923 1663 963 Cicero

331 995 463 1026 noster
483 990 489 1025 1
547 987 657 1036 Quid
678 988 754 1025 hoc
776 987 872 1025 mihi
893 989 1065 1038 prodest,
1089 987 1120 1025 si
1146 1001 1295 1026 merces
1316 987 1467 1027 Antoni
1488 987 1664 1038 oppressi

329 1052 503 1102 poscitur
528 1051 568 1090 in
590 1051 740 1090 Antoni
767 1054 899 1091 locum
925 1052 1122 1091 successio
1150 1060 1188 1091 et
1215 1052 1246 1091 si
1268 1052 1413 1091 vindex
1439 1052 1541 1090 illius
1572 1052 1663 1090 mali

328 1126 465 1156 auctor
503 1117 647 1156 exstitit
685 1118 843 1156 alterius
882 1120 1187 1157 fundamentum
1227 1126 1266 1157 et
1304 1118 1454 1157 radices
1493 1117 1663 1157 habituri

327 1183 495 1230 altiores,
519 1183 550 1221 si
570 1183 794 1234 patiamur?
822 1191 865 1222 ut
889 1183 967 1222 iarn
995 1184 1068 1222 ista
1095 1198 1197 1235 quae
1224 1184 1317 1222 facit
1347 1183 1661 1222 dominationem
1684 1201 1720 1234 15

326 1262 377 1287 an
417 1248 625 1287 dominum
661 1247 727 1301 [an
765 1248 1006 1302 Antonium]
1040 1249 1215 1288 timentis
1254 1249 1341 1288 sint.
1403 1251 1490 1299 Ego
1529 1257 1660 1288 autem

327 1313 490 1363 gratiam
511 1327 591 1352 non
612 1314 741 1352 habeo
762 1313 794 1352 si
814 1314 911 1364 quis,
935 1315 1031 1352 dum
1058 1328 1108 1352 ne
1134 1314 1232 1352 irato
1259 1314 1409 1361 serviat,
1432 1328 1513 1352 rem
1535 1314 1657 1364 ipsam

328 1392 410 1417 non
431 1380 671 1429 deprecatur.
733 1380 866 1418 Immo
889 1379 1110 1429 triumphus
1137 1387 1175 1418 et
1202 1379 1443 1430 stipendium
1470 1387 1508 1418 et
1535 1380 1659 1418 omni-

329 1444 402 1482 bus
423 1444 589 1482 decretis
610 1444 779 1497 hortatio
800 1458 850 1483 ne
870 1444 953 1483 eius
979 1445 1127 1494 pudeat
1153 1444 1432 1494 concupiscere
1458 1446 1654 1483 fortunam

285 1516 309 1553 3
329 1509 438 1547 cuius
460 1522 606 1547 nornen
627 1509 852 1559 susceperit,
867 1508 1081 1547 consularis
1102 1517 1170 1547 aut
1190 1509 1393 1548 Ciceronis
1413 1517 1471 1548 est
1488 1511 1505 1548 ?
1548 1511 1655 1558 Quo-
1675 1526 1715 1548 20

327 1573 433 1611 niam
456 1573 551 1611 mihi
571 1581 700 1612 tacere
719 1588 801 1612 non
821 1574 943 1624 licuit,
963 1575 1068 1624 leges
1092 1586 1194 1624 quae
1217 1573 1289 1612 tibi
1314 1588 1476 1613 necesse
1496 1581 1555 1612 est
1575 1589 1656 1613 rno-

325 1640 423 1676 lesta
443 1652 538 1677 esse.
598 1638 758 1677 Etenim
785 1638 869 1689 ipse
893 1638 1021 1677 sentio
1042 1645 1192 1688 quanto
1211 1652 1303 1677 cum
1331 1639 1467 1677 dolore
1487 1640 1585 1677 haec
1605 1641 1657 1678 ad

326 1711 364 1742 te
384 1703 615 1754 scripserim,
638 1718 712 1742 nec
732 1703 871 1754 ignoro
891 1704 988 1754 quid
1013 1703 1157 1742 sentias
1178 1703 1218 1741 in
1239 1718 1278 1742 re
1299 1703 1457 1755 publica
1477 1711 1515 1742 et
1535 1718 1655 1754 quam

325 1769 571 1818 desperatam
593 1782 753 1819 quoque
774 1768 900 1807 sanari
920 1776 1035 1819 putes
1055 1782 1182 1819 posse.
1233 1770 1320 1807 Nec
1341 1782 1404 1807 me
1425 1769 1583 1807 hercule
1603 1776 1656 1817 te,

325 1833 467 1880 Attice,
490 1834 748 1883 reprehendo.
807 1836 928 1872 Aetas
949 1833 1066 1880 enim,
1090 1847 1231 1881 mores,
1253 1833 1365 1872 liberi
1392 1847 1552 1883 segnem
1578 1835 1655 1872 effi-
1675 1851 1712 1884 25

281 1905 307 1943 4
326 1898 462 1946 ciunt3
491 1900 600 1948 quod
621 1898 783 1949 quidem
804 1898 922 1938 etiam
943 1912 990 1938 ex
1011 1898 1146 1937 Flavio
1166 1906 1301 1937 nostro
1328 1899 1516 1949 perspexi.
1576 1901 1654 1938 Sed

324 1965 443 2002 redeo
469 1965 520 2003 ad
542 1964 788 2003 Ciceronem.
849 1964 958 2014 Quid
988 1964 1089 2003 inter
1118 1964 1387 2003 Salvidienum
1415 1972 1453 2003 et
1480 1979 1570 2003 eum
1600 1965 1654 2003 in<

323 2031 471 2068 terest?
529 2029 638 2078 Quid
671 2038 804 2069 autem
844 2030 1014 2080 amplius
1054 2029 1118 2068 ille
1152 2030 1414 2068 decerneret?
1473 2030 1653 2078 ‘Timet,‘

321 2094 462 2145 inquis,
490 2095 628 2133 ‘etiam
648 2109 755 2134 nunc
776 2095 960 2146 reliquias
987 2095 1078 2134 belli
1105 2095 1253 2134 civilis.'
1311 2095 1533 2146 Quisquam
1560 2110 1652 2146 ergo

367 2208 400 2229 11
427 2199 627 2230 sustinuisse
644 2210 681 2230 se
699 2199 817 2231 Lamh.
956 2200 995 2230 16
1018 2210 1060 2230 an
1078 2199 1265 2230 Antonium
1289 2200 1356 2230 secl.
1376 2199 1494 2230 Becher
1509 2200 1648 2232 Miiller:

321 2243 597 2280 (dominationem
626 2254 667 2274 an
701 2244 874 2274 dominum
911 2243 1135 2277 Antonium&
1169 2243 1203 2273 in
1238 2243 1425 2283 parenthesi
1464 2242 1653 2285 chsenbm‘g

323 2287 361 2315 18
397 2287 604 2326 triumphum
632 2286 752 2318 Lamss.
910 2287 1064 2317 decernit
1085 2290 1159 2326 post
1191 2287 1395 2326 stipendium
1428 2287 1504 2318 add.
1526 2287 1644 2319 Lamb.

323 2328 523 2370 llf'csenberg:
541 2331 734 2361 decernitur
746 2331 779 2361 R
794 2330 882 2362 Crat.
898 2330 964 2361 cod.
980 2330 1155 2361 Palatsnus
1166 2333 1305 2370 quartus
1393 2341 1431 2369 19
1448 2331 1591 2362 hortatio
1604 2342 1647 2362 ne

318 2373 389 2403 eius
408 2373 566 2412 Madvig:
594 2374 796 2404 hortationis
820 2373 896 2404 M¹z
927 2373 1174 2404 hortationibus
1199 2373 1271 2403 M2:
1305 2373 1459 2404 hortatur
1482 2373 1540 2405 R:
1571 2374 1650 2404 hor-

317 2421 407 2446 tatur
426 2427 466 2447 ne
488 2416 679 2457 Il'Z'scubetg
787 2429 829 2448 20
852 2418 1062 2457 susceperit;
1087 2416 1274 2446 consularis
1294 2415 1484 2458 lVesenbcrg
1590 2422 1647 2448 aut

317 2460 350 2490 R
367 2460 519 2501 ,lffadvtgm
546 2466 582 2491 ut
599 2461 659 2491 M:
683 2471 724 2492 an
744 2461 830 2492 Crat.
967 2462 1009 2491 26
1033 2460 1092 2502 ex]
1112 2461 1144 2490 in
1163 2459 1283 2492 Lamb-
