1871 2782
386 512 492 563 AD
540 513 883 576 QVINTVM
936 513 1294 564 FRATREM

597 659 767 696 LIBER
797 658 1085 698 SECVNDVS

221 779 245 814 Ῑ
539 782 610 815 Ser.
627 782 757 814 Romae
774 794 817 815 m.
838 783 912 815 Dec.
933 794 964 815 α.
983 784 1046 825 697
1060 783 1140 823 (57).

420 859 610 892 MARCVS
635 860 811 900 QVINTO
838 860 1011 891 FRATRI
1039 861 1264 893 SALVTEM.

234 937 476 975 EmsTVLAM
520 951 638 987 quam
682 937 807 988 legiSti
855 952 970 976 mane
1017 939 1215 977 dederam.
1293 939 1371 976 Sed
1414 937 1540 978 fecit1

178 1000 400 1040 humaniter
427 1002 600 1041 Licinius
621 1004 729 1053 quod
749 1004 800 1041 ad
825 1016 887 1042 me
914 1002 1033 1041 misso
1057 1010 1195 1041 senatu
1215 1001 1366 1053 vesperi
1386 1002 1504 1050 venit,

140 1077 157 1109 5
177 1072 219 1103 ut
241 1064 271 1103 si
293 1065 389 1115 quid
410 1074 512 1104 esset
530 1074 662 1105 actum
683 1068 734 1105 ad
750 1074 801 1115 te,
817 1066 849 1104 si
869 1066 965 1104 mihi
985 1066 1194 1115 videretur,
1210 1066 1500 1117 perscriberem.

177 1130 343 1168 Senatus
369 1130 441 1168 fuit
461 1130 699 1180 frequentior
719 1144 838 1181 quam
865 1131 1101 1180 putabamus
1128 1145 1212 1169 esse
1233 1145 1348 1181 posse
1369 1145 1504 1170 mense

178 1194 390 1233 Decembri
420 1195 494 1233 sub
523 1194 606 1233 dies
635 1196 765 1233 festos.
826 1195 1062 1234 Consulares
1087 1208 1160 1233 nos
1183 1195 1328 1233 fuimus
1357 1202 1395 1234 et
1424 1196 1504 1234 duo

176 1261 356 1297 consules
395 1258 600 1309 designati,
647 1261 687 1297 P.
729 1258 925 1307 Servilius,
972 1261 1027 1297 M.
1076 1261 1278 1307 Lucullus,
1316 1259 1502 1310 Lepidus,

176 1324 398 1371 Volcacius,
437 1323 613 1372 Glabrio,
656 1331 862 1373 praetores.
928 1325 1030 1363 Sane
1077 1326 1301 1374 frequentes
1344 1324 1501 1372 fuimus,

115 1397 155 1425 io
174 1388 337 1427 omnino
375 1390 427 1427 ad
465 1400 524 1427 CC.
585 1390 815 1428 Commorat
850 1389 1184 1440 exspectationem
1219 1391 1379 1440 Lupus;
1427 1390 1505 1441 egit

174 1467 331 1492 causam
363 1453 442 1504 agri
477 1453 671 1503 Campani
701 1467 794 1492 sane
822 1462 1012 1492 accurate.
1072 1454 1243 1493 Auditus
1273 1461 1331 1492 est
1360 1468 1503 1504 magno

173 1518 338 1557 silentio.
410 1518 617 1557 Materiam
662 1519 715 1557 rei
758 1533 839 1557 non
887 1519 1050 1570 ignoras.
1121 1519 1231 1557 Nihil
1271 1533 1318 1558 ex
1360 1519 1502 1559 nostris

171 1583 394 1623 actionibus
441 1583 709 1633 praetermisit.
797 1586 970 1622 Fuerunt
1017 1597 1098 1622 non
1146 1584 1242 1622 nulli
1287 1584 1414 1623 aculei
1460 1584 1499 1622 in

173 1650 396 1696 Caesarem,
434 1648 696 1687 contumeliae
735 1648 775 1686 in
814 1648 999 1696 Gellium,
1038 1648 1370 1699 expostulationes
1409 1663 1500 1687 cum

116 1725 152 1756 15
172 1714 334 1752 absente
356 1714 558 1764 Pompeio.
621 1715 750 1754 Causa
780 1727 865 1752 sero
895 1721 1073 1764 perorata
1099 1714 1312 1753 sententias
1333 1727 1374 1753 se
1395 1727 1501 1764 roga-

172 1785 302 1816 turum
322 1778 488 1829 negavit,
504 1793 553 1817 ne
575 1781 683 1829 quod
705 1793 805 1817 onus
826 1779 1033 1817 simultatis
1053 1779 1169 1818 nobis
1190 1779 1408 1829 imponeret
1423 1793 1433 1826 ,·
1453 1792 1500 1817 ex

171 1843 415 1893 superiorum
439 1851 661 1894 temporum
682 1844 869 1883 conviciis
891 1852 929 1882 et
949 1858 995 1882 ex
1015 1844 1209 1894 praesenti
1229 1843 1384 1882 silentio
1404 1843 1500 1893 quid

171 1916 328 1946 senatus
355 1909 515 1947 sentiret
536 1923 577 1947 se
601 1909 835 1960 intellegere.
898 1909 1006 1947 Dixit
1034 1908 1144 1947 Milo.
1205 1908 1348 1958 Coepit
1372 1907 1501 1947 dimit-

171 1979 260 2011 tere.
330 1975 433 2011 Turn
471 1974 734 2021 Marcellinus,
776 1974 917 2020 ‘Noli,’
953 1973 1090 2023 inquit,
1130 1977 1199 2011 ‘ex
1238 1972 1499 2011 taciturnitate

113 2052 152 2075 20
170 2045 313 2084 nostra,
348 2039 469 2088 Lupe,
507 2038 602 2088 quid
639 2046 707 2076 aut
744 2039 957 2088 probemus
996 2040 1071 2076 hoc
1111 2046 1287 2088 tempore
1324 2045 1391 2076 aut
1428 2037 1497 2075 im-

169 2103 382 2153 probemus
420 2102 601 2141 iudicare.
663 2104 759 2152 Ego,
795 2104 904 2152 quod
941 2104 992 2141 ad
1031 2116 1094 2141 me
1131 2102 1279 2149 attinet,
1321 2102 1494 2152 itemque

168 2167 332 2206 arbitror
369 2176 531 2215 ceteros,
571 2167 718 2206 idcirco
760 2175 872 2206 taceo
912 2169 1020 2218 quod
1058 2181 1139 2206 non
1178 2167 1368 2214 existimo,
1403 2180 1494 2205 cum

170 2232 382 2283 Pompeius
402 2232 513 2280 absit,
533 2246 691 2271 causam
711 2232 790 2283 agri
808 2232 1000 2282 Campani
1020 2232 1081 2283 agi
1102 2232 1335 2271 convenire.'
1389 2233 1494 2269 Tum

211 2338 233 2366 6
256 2341 449 2376 putaramus
471 2335 660 2376 lVesenbcrg
790 2347 806 2375 7
832 2337 897 2366 duo
915 2335 1071 2367 consules
1088 2337 1254 2375 designati
1268 2339 1343 2376 post
1357 2335 1494 2366 Glabrio

169 2382 370 2419 transposuit
384 2379 507 2410 §chatz
521 2391 525 2410 :
552 2379 610 2411 del.
627 2380 712 2410 Boot
797 2390 818 2418 9
842 2380 1000 2418 praetorii
1014 2390 1096 2410 sane
1110 2380 1306 2419 frequentes
1322 2378 1497 2420 Holzapsel

173 2424 212 2452 18
234 2423 431 2462 intellegere
448 2423 546 2454 dixit:
572 2424 659 2455 illico
675 2424 787 2463 coepit
807 2422 924 2455 Orelli:
951 2423 969 2453 i.
990 2423 1020 2453 d.
1038 2434 1046 2462 ;
1071 2424 1103 2453 in
1122 2423 1177 2453 illo
1194 2424 1306 2462 coepit
1324 2421 1418 2454 Man.

212 2487 276 2509 cle.
296 2488 343 2508 Αι)
361 2488 476 2515 var.
496 2488 549 2510 FR.
1387 2478 1408 2507 3
