1871 2782
513 177 866 217 FRAGMENTA
896 181 1295 220 EPISTVLARVM

299 298 331 338 5.
354 289 459 327 A'on.
466 296 508 339 p.
514 301 566 341 30
561 301 598 340 5.
613 290 640 328 8
651 292 712 329 M.
729 293 880 329 Tullius
894 293 1145 341 epistularum
1161 295 1216 332 ad
1229 296 1428 334 Caesarem
1441 297 1501 334 lib.
1518 298 1569 335 J.-

245 353 385 402 Itaque
430 367 565 392 vereor
603 368 653 392 ne
692 354 920 393 ferociorem
961 357 1104 396 saciant
1144 366 1210 396 tua
1254 367 1333 397 tam
1373 362 1567 410 praeclara

243 416 387 455 iudicia
407 419 456 456 de
477 432 536 456 eo,

297 484 330 520 6.
362 483 466 520 Non.
482 490 523 533 p.
536 483 628 535 369.
645 496 698 536 jo
727 486 789 522 ill.
821 486 974 523 Tullius
1007 487 1049 524 in
1079 488 1248 536 epistulis
1279 490 1334 527 ad
1366 490 1565 528 Caesarem

203 558 220 588 5
241 547 303 584 lib.
324 547 374 584 I:
403 549 510 597 quod
533 549 728 599 sapientes
750 550 930 588 homines
951 564 996 589 ac
1018 551 1111 589 boni
1133 560 1281 602 putant.

579 655 642 685 AD
668 655 861 686 EVNDEM
889 656 1028 687 EPIST.
1058 656 1141 687 LIB.
1171 657 1211 688 11.

298 737 328 773 7.
360 727 462 764 lVon.
487 733 529 776 p.
541 740 607 779 32.
634 728 683 766 16
715 730 1000 766 ‘Alomtmenli'
1019 730 1295 778 proprietatem
1329 744 1353 767 a
1386 734 1564 769 monendo

239 791 300 827 Jl.
322 792 474 829 Tullius
489 793 772 842 exprimendam
781 795 942 842 pulavit
955 795 1009 830 ad
1023 795 1223 832 Caesarem
1238 795 1488 843 qn'stulamm
1502 797 1562 834 lib.

239 856 313 892 II:
341 857 419 895 Sed
451 870 524 906 ego
556 871 656 907 quae
691 858 936 896 monumenti
970 858 1067 896 ratio
1099 858 1147 896 sit
1185 859 1346 898 nomine
1381 860 1466 909 ipso
1498 862 1563 899 ad-

182 937 218 957 10
240 933 424 959 moneor:
466 923 517 960 ad
552 922 781 960 memoriam
814 924 936 972 magis
967 930 1142 972 spectare
1174 924 1293 962 debet
1326 924 1562 974 posteritatis

238 998 356 1034 quam
377 987 428 1024 ad
448 987 661 1036 praesentis
682 987 868 1036 temporis
888 987 1060 1037 gratiam.

292 1052 324 1088 8.
358 1052 463 1089 Non.
474 1057 517 1101 p.
532 1063 624 1103 340.
647 1063 690 1103 15
713 1053 924 1090 ‘locandi'
952 1053 1176 1102 significatio
1205 1054 1408 1103 manifesta
1438 1059 1499 1101 est,
1523 1061 1564 1092 ul

237 1121 308 1152 aut
339 1118 459 1164 operis
492 1118 644 1154 locandi
669 1123 739 1154 aut
762 1117 896 1165 fitndi.
952 1119 1014 1155 M.
1050 1119 1202 1156 Tullius
1231 1119 1480 1167 epistularum
1513 1121 1566 1157 ad

241 1181 441 1218 Caesarem
461 1182 520 1219 lib.
545 1183 620 1219 II:
648 1183 707 1219 vel
729 1182 836 1231 quod
857 1181 1000 1219 locatio
1022 1181 1104 1231 ipsa
1123 1181 1302 1232 pretiosa.

178 1295 214 1328 15
581 1286 647 1316 AD
675 1285 870 1316 EVNDEM
897 1285 1036 1318 EPIST.
1067 1285 1149 1316 LIB.
1180 1286 1240 1316 111.

289 1371 323 1403 o.
355 1359 458 1396 Non.
484 1363 527 1407 p.
551 1357 643 1395 286.
676 1369 722 1395 12
757 1359 816 1395 M.
857 1358 1012 1395 Tullius
1041 1359 1096 1394 ad
1127 1358 1327 1396 Caesarem
1360 1359 1420 1396 lib.
1454 1360 1559 1398 Ill.-

234 1435 334 1471 quae
364 1421 395 1460 si
425 1422 576 1460 videres
605 1435 686 1460 non
718 1429 756 1460 te
789 1421 957 1460 exercitu
985 1421 1191 1460 retinendo
1223 1422 1382 1460 tuereris
1412 1424 1482 1461 sed
1512 1437 1559 1461 eo

232 1486 376 1525 tradito
396 1495 463 1525 aut
483 1486 658 1526 dimisso.

290 1565 346 1589 10.
381 1553 485 1591 Non.
506 1559 546 1601 p.
571 1551 656 1603 436.
680 1563 731 1602 25
756 1553 817 1589 M.
843 1553 884 1590 T
880 1552 1107 1589 ullius—ad
1136 1552 1337 1590 Caesarem
1366 1553 1427 1590 lib.
1458 1553 1558 1590 Ill.-

173 1633 212 1656 20
232 1615 362 1654 Amici
383 1630 463 1654 non
484 1617 580 1655 nulli
597 1631 620 1654 a
638 1624 676 1655 te
691 1616 892 1655 contemni
912 1629 958 1654 ac
979 1615 1127 1666 despici
1144 1624 1182 1654 et
1197 1630 1268 1666 pro
1285 1616 1408 1655 nihilo
1424 1617 1556 1655 haberi

231 1689 410 1719 senatum
433 1683 579 1720 volunt.

498 1779 563 1809 AD
588 1780 781 1810 EVNDEM
809 1780 871 1810 EX
898 1780 1041 1810 LIBRO
1069 1779 1288 1810 INCERTO.

288 1866 301 1889 1
316 1866 344 1890 1.
376 1853 532 1890 Nonius
560 1859 605 1901 p.
639 1864 729 1903 270.
763 1864 815 1890 20
848 1853 909 1889 M.
955 1853 1104 1888 Tullius
1141 1853 1196 1888 ad
1228 1853 1427 1889 Caesarem
1441 1867 1454 1889 .·
1484 1852 1554 1888 Ex-

229 1924 352 1954 trema
383 1929 474 1954 vero
512 1930 585 1954 nec
625 1924 771 1966 quanta
810 1929 882 1953 nec
921 1914 1051 1964 qualia
1085 1914 1161 1952 sint
1199 1914 1326 1952 verbis
1365 1914 1552 1964 consequi

170 2001 184 2021 2
191 2002 207 2032 5
229 1995 400 2031 possum.

286 2061 343 2084 12.
372 2047 475 2084 JVon.
490 2053 534 2095 p.
552 2046 632 2097 336.
653 2059 705 2084 22
726 2048 787 2084 All.
814 2047 966 2084 Tullius
985 2046 1233 2095 epistularum
1253 2046 1308 2081 ad
1322 2044 1522 2082 Caesarem
1541 2061 1552 2081 .-

228 2112 314 2149 Iam
334 2111 637 2160 amplitudinem
658 2111 900 2161 gloriamque
921 2118 1027 2148 tuam
1049 2124 1192 2160 magno
1210 2109 1304 2147 mihi
1320 2117 1552 2148 ornamento

225 2181 262 2214 et
278 2190 363 2215 esse
384 2185 421 2214 et
442 2178 523 2214 fore
544 2176 734 2223 existimo,
757 2176 877 2225 †quid
898 2189 960 2214 me
981 2177 1109 2215 levas-i
1130 2189 1231 2213 cura.

269 2285 288 2304 2
312 2279 369 2304 tua
388 2274 507 2304 Orelli:
531 2279 565 2304 tu
584 2274 669 2305 codd.
777 2284 796 2311 3
821 2285 860 2304 co
877 2273 1004 2304 Nobhe:
1027 2273 1094 2304 telo
1110 2272 1198 2304 codd.
1217 2285 1223 2303 :
1247 2273 1288 2302 de
1305 2272 1362 2302 illo
1381 2271 1552 2311 Qm'chcrat

226 2319 246 2348 8
270 2318 449 2348 Caesarem
475 2318 639 2348 iuniorem
664 2316 704 2348 L.
727 2317 849 2346 Mz'iller
999 2327 1034 2355 17
1060 2321 1093 2347 te
1116 2316 1295 2356 Nipperdey
1318 2315 1476 2355 Madvig:
1508 2316 1551 2345 de

226 2361 313 2392 codd.
434 2362 575 2391 tuereris
592 2360 729 2398 Madvig
744 2372 750 2391 ε
775 2361 881 2390 tueris
897 2360 961 2391 cod.
976 2359 1227 2399 Lugdunensis:
1254 2359 1341 2389 tueri
1358 2360 1447 2389 ceferi
1459 2358 1547 2389 codd.

230 2415 268 2443 ¹9
292 2404 454 2434 iuniorem
471 2404 546 2435 add.
566 2403 605 2435 L.
626 2404 748 2434 Mis'ller
885 2414 926 2434 20
950 2415 968 2434 a
985 2403 1059 2434 add.
1079 2402 1234 2444 Lipsius:
1262 2408 1295 2432 te
1312 2426 1319 2433 .
1339 2426 1346 2433 .
1369 2425 1376 2432 .
1394 2413 1413 2432 a
1430 2407 1548 2432 senatu

226 2448 387 2478 Patricius
496 2458 535 2486 27
562 2448 648 2485 lam]
668 2448 680 2477 I
701 2449 734 2485 (i.
745 2458 767 2478 e.
789 2447 839 2478 lib.
861 2447 880 2477 I
886 2451 894 2485 )
915 2446 953 2478 L.
972 2446 1095 2476 Muller
1204 2447 1245 2476 28
1268 2451 1302 2476 ct
1320 2445 1395 2476 add.
1418 2445 1547 2476 Gerlach

224 2491 279 2531 qui
301 2491 427 2533 (ablat.)
446 2502 499 2522 mc
516 2491 609 2522 levas
628 2491 664 2523 L.
686 2491 826 2530 Mt'iller3
850 2491 938 2530 quod
956 2500 1008 2520 me
1027 2490 1114 2520 levat
1131 2489 1252 2520 Merccr
1266 2489 1352 2530 vulg.
