1871 2782
255 153 287 190 1.
303 152 335 188 ii
647 150 704 188 M.
736 149 903 187 TVLLI
935 148 1242 189 CICERONIS

286 261 403 301 adfici
426 274 517 300 curn
546 260 706 299 audiam
735 274 814 311 qua
840 260 888 299 sit
915 259 1202 299 existimatione
1232 260 1277 299 C.
1304 258 1510 309 Vergilius,
1538 272 1617 309 qua

287 334 376 364 tuus
401 324 563 371 vicinus,
594 326 638 364 C.
669 324 888 364 Octavius?
944 327 1048 363 Nam
1078 324 1110 363 si
1139 331 1178 363 te
1203 323 1452 362 interioribus
1480 323 1618 362 vicinis

288 389 376 435 tuis,
410 388 612 429 Ciliciensi
647 396 685 427 et
724 388 891 439 Syriaco,
929 388 1148 439 anteponis,
1181 389 1296 426 valde
1330 387 1462 437 magni
1500 387 1618 426 facis!

288 455 421 504 Atque
449 453 482 492 is
512 454 626 492 dolor
655 461 713 492 est
742 455 861 504 quod,
893 467 984 492 cum
1019 453 1045 491 ii
1080 466 1179 504 quos
1210 451 1412 491 nominavi
1444 459 1482 490 te
1512 451 1621 490 inno-

290 517 419 557 centia
447 531 530 556 non
559 518 729 565 vincant,
760 518 922 556 vincunt
956 526 1089 556 tamen
1123 517 1287 556 artificio
1320 515 1621 555 benevolentiae
1641 528 1657 559 5

290 582 560 633 conligendae,
587 582 654 632 qui
689 596 818 632 neque
850 583 996 632 Cyrum
1026 581 1306 632 Xenophontis
1335 594 1465 631 neque
1489 580 1623 631 Agesi-

292 650 398 686 laum
447 646 639 694 noverint,
691 660 858 697 quorum
906 660 1042 696 regum
1087 660 1245 684 summo
1290 644 1456 696 imperio
1503 659 1623 684 nemo

295 725 483 762 umquam
513 712 677 750 verbum
707 713 830 750 ullurn
860 711 1034 761 asperius
1063 710 1223 749 audivit.

258 803 276 832 8
348 777 427 815 Sed
448 777 545 814 haec
565 788 588 814 a
606 775 800 826 principio
821 775 892 814 tibi
912 775 1156 826 praecipiens
1177 781 1369 825 quantum
1390 775 1621 826 profecerim

294 853 375 879 non
395 839 533 890 ignoro
550 854 560 887 3
590 853 695 878 nunc
716 847 847 878 tamen
869 841 1078 886 decedens,
1095 839 1135 878 id
1149 841 1258 889 quod
1280 840 1377 878 mihi
1397 840 1475 879 iarn
1495 842 1622 879 facere
1645 848 1682 874 10

292 904 446 950 videns,
477 904 665 954 relinque,
694 918 852 955 quaeso,
884 918 1003 955 quam
1033 904 1358 944 iucundissimam
1392 905 1623 945 memoriam

294 970 361 1009 tui.
419 971 696 1009 Successorem
730 971 852 1009 habes
890 971 1178 1020 perblandum3
1218 978 1347 1009 cetera
1379 973 1494 1010 valde
1523 970 1626 1008 illius

294 1036 467 1074 adventu
488 1042 555 1073 tua
574 1034 828 1085 requirentur.
889 1036 938 1073 In
964 1035 1101 1074 litteris
1128 1035 1342 1083 mittendis,
1366 1041 1412 1073 ut
1431 1049 1549 1086 saepe
1574 1036 1626 1074 ad

296 1108 334 1139 te
359 1099 508 1149 scripsi,
534 1099 700 1137 nimium
728 1107 766 1138 te
792 1100 1030 1138 exorabilem
1060 1099 1284 1150 praebuisti.
1344 1102 1459 1140 Tolle
1483 1099 1624 1147 omnis

296 1164 328 1203 si
357 1170 483 1214 potes,
509 1162 674 1214 iniquas,
704 1165 797 1203 tolle
826 1164 1041 1211 inusitatas,
1073 1166 1168 1203 tolle
1196 1165 1420 1204 contrarias.
1480 1165 1627 1204 Statius
1651 1178 1686 1212 15

298 1228 395 1266 mihi
428 1228 595 1268 narravit
627 1228 788 1279 scriptas
817 1230 868 1267 ad
899 1237 936 1268 te
970 1231 1095 1268 solere
1126 1229 1280 1278 adferri,
1310 1231 1362 1269 ab
1393 1244 1436 1269 se
1467 1230 1555 1281 legi,
1588 1237 1627 1269 et

298 1293 331 1332 si
359 1292 517 1343 iniquae
544 1292 621 1331 sint
641 1293 723 1332 fieri
752 1300 790 1332 te
820 1294 1049 1341 certiorem3
1081 1302 1173 1334 ante
1202 1308 1322 1345 quarn
1345 1309 1438 1334 vero
1464 1294 1550 1346 ipse
1576 1296 1628 1334 ad

301 1366 339 1397 te
368 1357 548 1405 venisset,
571 1359 722 1396 nullum
752 1359 950 1397 delectum
979 1359 1193 1397 litterarum
1220 1359 1339 1398 fuisse
1354 1374 1364 1408 3
1398 1374 1445 1398 ex
1471 1375 1520 1400 eo
1546 1374 1631 1399 esse

294 1422 505 1462 'volumina
524 1424 755 1461 selectarum
777 1422 1030 1474 epistularum
1057 1437 1159 1474 quae
1186 1424 1420 1474 reprehendi
1448 1426 1628 1464 solerent.

266 1498 287 1531 9
307 1489 399 1526 Hoc
418 1487 470 1526 de
488 1500 631 1537 genere
651 1487 748 1525 nihil
767 1494 806 1525 te
826 1501 932 1527 nunc
959 1487 1121 1538 quidem
1138 1502 1284 1528 moneo
1305 1489 1409 1541 (sero
1429 1497 1487 1528 est
1508 1489 1631 1540 enim)
1654 1500 1694 1523 20

302 1566 348 1591 ac
367 1549 467 1590 scire
487 1559 599 1601 potes
619 1553 742 1590 multa
762 1565 825 1590 me
844 1552 948 1591 varie
971 1553 1257 1604 diligenterque
1281 1554 1482 1593 monuisse
1498 1569 1506 1603 ;
1536 1554 1633 1593 illud

303 1625 437 1656 tamen
471 1617 579 1666 quod
613 1617 878 1667 Theopompo
907 1617 1092 1656 mandavi
1121 1632 1214 1657 cum
1243 1632 1370 1657 essem
1404 1619 1634 1658 admonitus

303 1682 354 1720 ab
382 1681 479 1732 ipso,
510 1680 601 1719 vide
630 1694 699 1731 per
724 1681 906 1720 homines
935 1683 1104 1721 amantis
1131 1682 1199 1730 tui,
1223 1685 1333 1734 quod
1359 1691 1418 1722 est
1444 1684 1569 1732 facile,
1591 1693 1634 1723 ut

302 1748 401 1785 haec
419 1759 563 1796 genera
577 1747 763 1784 tollantur
777 1746 1030 1796 epistularum
1047 1747 1217 1797 primum
1238 1748 1472 1799 iniquarum,
1489 1749 1635 1789 deinde

303 1810 594 1857 contrariarum,
613 1817 698 1848 tum
717 1811 887 1849 absurde
907 1819 945 1850 et
964 1811 1149 1851 inusitate
1169 1813 1412 1864 scriptarum,
1434 1823 1636 1865 postremo

303 1876 344 1915 in
381 1874 553 1925 aliquem
585 1876 970 1916 contumeliosarum.
1028 1879 1164 1927 Atque
1197 1892 1270 1928 ego
1300 1880 1399 1918 haec
1431 1887 1513 1918 tam
1551 1894 1637 1919 esse

304 1953 424 1990 quam
443 1939 563 1979 audio
589 1953 670 1979 non
694 1948 802 1991 puto,
825 1948 863 1979 et
887 1940 918 1979 si
939 1949 1030 1980 sunt
1049 1942 1378 1993 occupationibus
1405 1944 1480 1982 tuis
1507 1944 1638 1983 minus

305 2004 576 2043 animadversa
617 2019 724 2044 nunc
764 2006 943 2056 perspice
985 2013 1024 2045 et
1070 2021 1202 2058 purga.
1280 2007 1375 2058 Legi
1416 2008 1635 2058 epistulam,

307 2082 426 2119 quarn
449 2068 533 2119 ipse
557 2070 757 2120 scripsisse
781 2072 890 2109 Sulla
912 2073 1186 2110 nomenclator
1204 2072 1333 2111 dictus
1353 2080 1421 2119 est,
1444 2087 1526 2112 non
1552 2087 1638 2124 pro-

310 2134 494 2181 bandam,
516 2134 591 2184 legi
612 2148 692 2173 non
714 2137 840 2175 nullas
860 2135 1078 2176 iracundas.
1657 2154 1697 2184 30

357 2248 369 2267 1
397 2237 496 2268 audio
513 2238 646 2269 Ernesti
731 2239 767 2270 C.
789 2239 864 2271 add.
887 2239 991 2270 Orelli
1100 2251 1119 2279 3
1146 2241 1257 2279 magni
1277 2241 1357 2271 sacis
1380 2240 1426 2271 R:
1452 2241 1640 2280 magnificis

312 2280 466 2320 (suprasc.
494 2282 536 2312 al.
559 2292 716 2320 magnum
739 2283 833 2323 facis)
862 2284 922 2314 M:
956 2294 1112 2322 magnum
1141 2284 1222 2314 sacis
1245 2285 1358 2324 vulg:
1393 2285 1504 2324 magni
1528 2285 1569 2315 slS
1593 2283 1645 2315 vd

310 2325 509 2363 magnificus
526 2336 562 2356 es
579 2327 657 2356 coni.
679 2326 805 2356 Mz'zller
920 2337 937 2366 7
962 2327 994 2357 in
1012 2331 1087 2357 ante
1102 2328 1243 2367 imperio
1259 2328 1335 2358 add.
1354 2327 1472 2359 Lamb.
1601 2338 1641 2366 13

311 2372 345 2397 ut
361 2367 437 2398 add.
457 2372 526 2399 vett.
660 2380 696 2408 14
723 2370 927 2400 exorabilem
945 2371 1061 2402 issam:
1087 2371 1178 2402 inex-
1198 2371 1240 2401 Μ
1360 2382 1397 2410 17
1422 2371 1504 2412 sint]
1525 2377 1641 2404 esseut

316 2410 502 2451 Wesenbmg
625 2414 665 2442 28
690 2413 754 2451 legi
774 2414 845 2453 ipse
862 2425 913 2454 ep.
935 2424 1032 2454 quam
1051 2414 1227 2454 scripsisse
1243 2414 1322 2447 com'.
1344 2413 1533 2457 lVescnbetg
