1871 2782
208 155 259 192 II.
279 154 326 190 iv
655 148 709 184 M.
743 146 911 182 TVLLI
943 144 1248 184 CICERONIS

301 259 556 299 defendendo
584 269 742 295 moroso
769 254 921 294 homini
948 255 1257 294 cumulatissime
1281 255 1373 294 satis
1393 256 1557 295 fecimus
1578 265 1627 305 et,

301 325 340 363 id
361 324 470 374 quod
491 322 554 360 ille
576 320 745 359 maxime
768 320 964 370 cupiebat,
986 320 1190 359 Vatinium
1214 334 1238 358 a
1258 334 1338 370 quo
1357 322 1487 371 palam
1508 335 1630 372 oppu-

298 389 491 439 gnabatur
530 385 717 424 arbitratu
761 392 896 424 nostro
934 384 1183 424 concidimus
1221 384 1281 423 dis
1321 384 1629 435 hominibusque

297 452 588 504 plaudentibus.
649 449 757 499 Quin
788 449 905 488 etiam
937 452 1081 489 Paulus
1111 461 1252 497 noster,
1285 463 1377 488 cum
1407 450 1516 488 testis
1544 464 1629 501 pro-

298 519 440 556 ductus
479 524 582 556 esset
620 515 661 554 in
705 515 887 562 Sestium,
927 515 1175 554 confirmavit
1223 529 1264 553 se
1307 528 1454 553 nomen
1492 514 1664 555 Vatini5

296 584 518 621 delaturum
545 581 577 620 si
599 582 735 618 Macer
755 579 931 618 Licinius
960 588 1219 627 cunctaretur,
1241 588 1279 618 et
1301 581 1438 618 Macer
1457 580 1507 618 ab
1528 580 1628 618 Sesti

297 647 491 685 subselliis
512 645 673 685 surrexit
692 659 739 683 ac
760 658 801 684 se
821 644 875 682 illi
896 658 977 683 non
998 646 1224 684 defuturum
1241 644 1472 683 adfirmavit.
1519 644 1628 694 Quid

298 712 482 762 quaeris?
528 713 650 749 homo
688 712 870 761 petulans
908 718 947 748 et
985 711 1113 749 audax
1146 709 1357 762 [Vatinius]
1394 711 1509 749 valde
1546 724 1630 760 per-

256 787 280 814 2
298 777 475 815 turbatus
495 776 802 825 debilitatusque
823 775 1011 814 discessit.
1064 775 1237 825 Quintus
1259 773 1396 828 [filius]
1413 783 1513 822 tuus,
1532 789 1629 826 puer

297 841 481 891 optimus,
530 840 705 879 eruditur
751 840 912 890 egregie.
986 842 1080 879 Hoc
1126 854 1234 878 nunc
1281 840 1403 891 magis
1449 840 1626 879 animum
1651 853 1689 875 10

296 907 466 952 adverto,
491 906 600 955 quod
620 905 821 955 Tyrannio
842 906 959 944 docet
979 907 1085 956 apud
1106 919 1180 944 me.
1241 907 1396 944 Domus
1425 905 1627 955 utriusque

295 978 472 1009 nostrum
509 970 739 1009 aedificatur
776 978 942 1010 strenue.
1014 970 1273 1021 Redemptori
1310 978 1379 1009 tuo
1417 970 1627 1008 dimidium

295 1036 487 1085 pecuniae
524 1035 666 1074 curavi.
726 1037 849 1086 Spero
883 1049 956 1074 nos
994 1043 1086 1074 ante
1124 1035 1295 1074 hiemem
1334 1034 1627 1073 contubernalis

294 1102 387 1139 fore.
449 1102 511 1139 De
545 1108 677 1139 nostra
701 1100 832 1139 Tullia
859 1100 913 1138 tui
940 1114 1003 1139 me
1028 1101 1187 1139 hercule
1213 1099 1483 1138 amantissima
1511 1113 1627 1149 spero

295 1179 386 1203 cum
417 1165 654 1215 Crassipede
683 1178 756 1203 nos
786 1165 1014 1204 confecisse.
1075 1165 1171 1203 Dies
1201 1171 1311 1203 erant
1337 1166 1418 1203 duo
1443 1163 1510 1214 qui
1535 1172 1626 1214 post
1648 1178 1685 1210 15

298 1229 456 1268 Latinas
486 1230 683 1269 habentur
712 1229 879 1280 religiosi
895 1244 904 1277 3
933 1233 1100 1270 †eetero
1129 1231 1355 1268 confectum
1385 1237 1466 1268 erat
1495 1229 1627 1268 Latiar

295 1301 377 1332 erat
391 1299 422 1335 †.

254 1376 278 1412 3
350 1357 425 1411 [VI
455 1358 548 1412 3-7]
570 1359 834 1410 Ἀμφιλαφίαν
859 1368 992 1398 autem
1020 1360 1126 1398 illam
1147 1374 1266 1410 quam
1294 1368 1335 1398 tu
1365 1362 1467 1399 soles
1495 1361 1626 1400 dicere

296 1423 403 1462 bono
433 1426 554 1463 modo
584 1425 778 1472 desidero,
802 1425 856 1464 sic
883 1439 1039 1475 prorsus
1064 1433 1106 1463 ut
1131 1425 1408 1464 advenientem
1433 1426 1625 1476 excipiam

294 1487 470 1536 libenter,
495 1491 681 1528 latentem
712 1490 829 1528 etiam
865 1504 971 1528 nunc
1002 1504 1084 1528 non
1118 1490 1295 1529 excitem.
1354 1491 1499 1529 Tribus
1528 1491 1625 1530 locis
1647 1505 1686 1526 20

292 1552 472 1600 aedifico,
504 1554 653 1605 reliqua
683 1554 934 1593 reconcinno.
993 1554 1096 1593 Vivo
1125 1556 1244 1606 paulo
1277 1554 1474 1594 liberalius
1504 1570 1624 1606 quam

293 1619 469 1657 solebam
485 1634 495 1667 3
525 1633 624 1670 opus
646 1628 736 1658 erat.
797 1620 835 1659 Si
857 1627 895 1659 te
916 1621 1114 1668 haberem,
1136 1620 1334 1671 paulisper
1354 1621 1471 1659 fabris
1492 1623 1623 1660 locum

294 1683 439 1721 darem.
500 1685 578 1722 Sed
601 1682 671 1737 [et]
695 1686 803 1732 haec,
827 1693 869 1723 ut
890 1699 1016 1735 spero,
1038 1685 1147 1724 brevi
1177 1684 1278 1723 inter
1306 1699 1379 1724 nos
1406 1687 1624 1725 communi-

248 1747 481 1797 4cabimus.
543 1751 623 1788 Res
652 1758 784 1789 autem
815 1752 1023 1789 Romanae
1056 1764 1141 1789 sese
1175 1750 1230 1789 sic
1264 1751 1435 1789 habent:
1470 1753 1622 1791 Consul

292 1819 350 1850 est
371 1813 547 1864 egregius
574 1816 765 1853 Lentulus
786 1830 867 1854 non
896 1815 1137 1865 impediente
1158 1817 1333 1866 conlega,
1356 1816 1421 1863 sic,
1444 1817 1618 1867 inquam,
1643 1829 1680 1859 25

292 1877 421 1916 bonus
451 1886 493 1916 ut
523 1879 725 1918 meliorem
756 1894 837 1919 non
868 1880 1044 1920 viderim.
1106 1880 1202 1919 Dies
1236 1881 1444 1919 comitialis
1478 1882 1621 1922 exemit

290 1941 418 1979 omnis
433 1957 444 1990 3
495 1957 586 1981 nam
639 1944 757 1983 etiam
806 1945 970 1984 Latinae
1025 1945 1315 1994 instaurantur;
1366 1960 1441 1984 nec
1488 1953 1620 1986 tamen

247 2019 270 2056 5
288 2007 449 2045 deerant
493 2007 812 2058 supplicationes.
874 2009 937 2048 Sic
981 2010 1133 2060 legibus
1171 2010 1511 2061 perniciosissimis
1554 2012 1620 2050 ob-

287 2070 443 2119 sistitur,
476 2072 645 2111 maxime
666 2073 842 2121 Catonis‚
871 2073 934 2112 cui
965 2081 1097 2113 tamen
1127 2075 1279 2125 egregie
1308 2075 1495 2125 imposuit
1516 2076 1618 2115 Milo

286 2142 427 2174 noster.
480 2138 583 2175 Nam
605 2137 669 2176 ille
685 2137 829 2177 vindex
848 2138 1109 2189 gladiatorum
1123 2147 1162 2178 et
1177 2139 1449 2178 bestiariorum
1469 2149 1616 2180 emerat
1635 2151 1678 2181 30

327 2241 348 2270 8
370 2240 525 2271 Vatinius
547 2242 614 2272 secl.
642 2241 757 2272 Baiter
899 2254 921 2282 9
945 2244 1034 2274 filius
1057 2243 1123 2274 secl.
1152 2242 1246 2274 Man.
1405 2246 1444 2274 16
1468 2250 1614 2276 ceterum

287 2282 484 2313 Cratander:
512 2286 681 2323 ceteroqui
703 2285 894 2327 lVesenbetg
982 2287 1169 2317 consectum
1190 2287 1303 2318 Latiar
1326 2293 1397 2318 erat
1414 2287 1613 2326 Mommsen,

284 2326 320 2364 cs.
341 2326 593 2358 Prellcr‘Ram.
609 2327 725 2368 Mytl1.’
743 2329 777 2361 i3.
796 2340 868 2361 212.
893 2340 905 2360 1
999 2341 1042 2360 20
1057 2330 1217 2360 latentem
1232 2340 1298 2361 non
1313 2333 1467 2362 excitem.
1505 2332 1613 2363 Etiam

286 2379 375 2399 nunc
390 2370 494 2400 tribus
518 2370 638 2409 Tyrrell
763 2383 802 2411 23
827 2378 859 2403 et
876 2374 943 2404 secl.
968 2373 1158 2414 Wesenberg
1281 2375 1323 2404 28
1347 2374 1394 2405 sic
1413 2375 1612 2408 Cratander:

286 2412 317 2441 id
336 2411 394 2443 M:
420 2412 463 2443 ita
486 2413 671 2454 lVesc-nbctg
