1871 2782
270 682 310 713 14

268 1286 306 1318 Ι5

314 169 377 208 Ι.ἰ
696 170 752 207 M.
785 170 953 207 TVLLI
985 169 1292 209 CICERONIS

326 281 527 332 cognitum
571 280 642 320 tibi
686 280 864 320 omnium
905 281 1048 331 quibus
1089 281 1234 332 praesis
1276 281 1453 326 salutem,
1498 279 1653 326 liberos,

326 347 481 393 famam,
505 347 680 384 fortunas
701 359 786 385 esse
807 345 1035 385 carissimas.
1096 345 1280 396 Denique
1308 346 1405 383 haec
1432 344 1567 395 opinio
1593 344 1654 390 sit,

325 424 406 448 non
445 411 567 449 modo
601 410 647 448 iis
686 410 753 461 qui
791 410 940 460 aliquid
979 410 1201 460 acceperint
1239 411 1310 448 sed
1348 409 1394 448 iis
1432 409 1550 448 etiam
1589 410 1656 459 qui

324 474 516 522 dederint,
550 482 588 513 te
623 474 827 513 inimicum
859 475 890 513 si
929 475 970 513 id
1007 476 1236 526 cognoveris
1270 476 1454 512 futurum.
1514 475 1657 523 Neque

325 553 418 578 vero
449 539 659 590 quisquam
693 540 814 586 dabit,
843 554 934 579 curn
966 540 1037 579 erit
1068 541 1144 578 hoc
1173 546 1433 590 perspectum,
1463 537 1560 576 nihil
1590 551 1658 588 per
1677 547 1694 579 5

327 617 396 642 eos
417 603 484 654 qui
515 603 701 642 simulant
735 618 776 643 se
807 605 913 654 apud
943 611 980 643 te
1010 606 1177 642 multum
1210 617 1327 654 posse
1357 603 1427 641 abs
1462 610 1500 641 te
1533 603 1659 640 solere

329 667 536 717 impetrari.
597 670 635 707 N
639 682 684 707 ec
704 676 836 707 tamen
857 670 954 707 haec
981 668 1104 707 oratio
1132 682 1220 707 mea
1240 675 1298 706 est
1318 667 1401 705 eius
1422 666 1531 705 modi
1552 674 1594 705 ut
1620 674 1659 705 te

327 731 367 770 in
399 739 487 771 tuos
521 740 588 771 aut
621 734 763 771 durum
803 746 887 771 esse
926 732 1091 771 nimium
1129 741 1196 770 aut
1234 731 1495 781 suspiciosum
1528 730 1655 769 velim.

325 798 430 835 Nam
454 797 486 835 si
513 797 600 847 quis
628 805 686 836 est
713 812 848 837 eorum
870 798 936 848 qui
964 798 1034 836 tibi
1060 797 1196 836 bienni
1219 796 1346 847 spatio
1373 810 1590 846 numquam
1617 796 1657 834 in

324 861 591 911 suspicionem
621 863 804 902 avaritiae
833 863 993 910 venerit,
1026 870 1067 901 ut
1097 876 1170 913 ego
1201 862 1386 902 Caesium
1413 869 1451 900 et
1472 861 1656 911 Chaerip-
1679 873 1718 896 ιο

324 940 420 977 pum
444 934 483 965 et
513 927 743 966 Labeonem
771 934 809 965 et
835 927 956 966 audio
976 934 1014 965 et
1041 927 1133 977 quia
1153 926 1320 977 cognovi
1346 925 1536 972 existimo,
1558 925 1657 963 nihil

324 998 383 1029 est
412 992 521 1041 quod
551 1005 632 1030 non
662 999 699 1030 et
729 991 774 1030 iis
809 999 846 1030 et
877 991 909 1030 si
939 991 1025 1042 quis
1055 999 1113 1030 est
1143 991 1241 1029 alius
1271 991 1449 1030 eiusdem
1480 990 1590 1029 modi
1618 997 1657 1028 et

324 1055 519 1093 committi
543 1063 580 1093 et
601 1055 707 1094 credi
732 1055 946 1094 rectissime
973 1063 1134 1106 putem3
1163 1057 1233 1095 sed
1263 1056 1294 1094 si
1322 1055 1409 1105 quis
1429 1062 1488 1094 est
1511 1054 1552 1092 in
1576 1068 1656 1105 quo

323 1119 400 1158 iam
423 1120 642 1168 offenderis,
662 1122 712 1159 de
733 1135 813 1170 quo
833 1121 982 1171 aliquid
1003 1121 1179 1168 senseris,
1199 1121 1291 1159 huic
1312 1120 1409 1159 nihil
1429 1119 1652 1167 credideris,

325 1187 473 1223 nullam
494 1192 644 1235 partem
666 1185 962 1224 existimationis
983 1194 1073 1225 tuae
1093 1186 1346 1225 commiseris.
1676 1195 1713 1228 15

381 1252 429 1288 In
459 1250 659 1300 provincia
687 1264 779 1289 vero
810 1250 893 1301 ipsa
923 1251 954 1289 si
985 1265 1103 1301 quem
1134 1265 1174 1289 es
1208 1259 1346 1289 nactus
1376 1251 1443 1301 qui
1477 1251 1516 1290 in
1546 1258 1655 1289 tuam

324 1314 626 1354 familiaritatem
647 1315 803 1365 penitus
825 1315 984 1363 intrarit,
1008 1315 1075 1366 qui
1095 1315 1210 1354 nobis
1230 1323 1321 1354 ante
1345 1315 1459 1354 fuerit
1485 1315 1652 1365 ignotus,

324 1379 417 1418 huic
448 1387 640 1430 quantum
673 1381 917 1419 credendum
948 1380 997 1419 sit
1023 1380 1124 1427 vide,
1148 1394 1228 1418 non
1249 1380 1344 1430 quin
1368 1380 1519 1430 possint
1543 1380 1656 1417 multi

323 1457 409 1482 esse
438 1444 695 1493 provinciales
730 1444 800 1482 viri
831 1444 937 1492 boni,
965 1446 1035 1483 sed
1066 1446 1142 1483 hoc
1171 1458 1324 1495 sperare
1355 1444 1456 1491 licet,
1482 1443 1655 1483 iudicare

322 1509 587 1559 periculosum
627 1517 694 1548 est.
768 1509 905 1547 Multis
953 1509 1059 1548 enim
1102 1509 1397 1548 simulationum
1445 1509 1654 1548 involucris
1676 1521 1715 1543 20

322 1574 463 1625 tegitur
492 1582 530 1613 et
554 1574 665 1624 quasi
685 1574 780 1613 velis
805 1575 1044 1625 quibusdam
1072 1575 1302 1614 obtenditur
1321 1575 1437 1614 unius
1463 1575 1655 1625 cuiusque

321 1646 482 1686 natura3
512 1641 628 1686 frons,
653 1639 768 1687 oculi,
791 1641 920 1678 vultus
941 1653 1129 1690 persaepe
1150 1639 1401 1686 mentiuntur,
1419 1640 1542 1678 oratio
1562 1654 1654 1679 vero

320 1703 558 1754 saepissime.
620 1705 751 1753 Quam
782 1705 833 1742 ob
861 1718 942 1742 rem
968 1704 1035 1754 qui
1055 1713 1167 1755 potes
1192 1704 1358 1754 reperire
1378 1718 1424 1743 ex
1445 1718 1492 1743 eo
1512 1718 1654 1754 genere

319 1769 527 1808 hominum
549 1769 615 1819 qui
643 1769 834 1820 pecuniae
861 1769 1077 1820 cupiditate
1096 1769 1258 1809 adducti
1285 1777 1440 1809 careant
1467 1769 1512 1808 iis
1537 1770 1653 1809 rebus

319 1834 505 1873 omnibus
525 1848 548 1872 a
568 1834 712 1884 quibus
737 1848 808 1873 nos
830 1835 972 1873 divulsi
993 1849 1079 1874 esse
1108 1849 1189 1874 non
1209 1849 1430 1885 possumus,
1449 1843 1487 1874 te
1506 1843 1650 1882 autem,
1674 1850 1710 1881 25

318 1898 491 1937 alienum
524 1899 738 1945 hominem,
771 1907 905 1938 ament
934 1914 981 1938 ex
1011 1899 1145 1938 animo
1175 1914 1221 1938 ac
1251 1914 1331 1938 non
1354 1899 1421 1938 -sui
1450 1900 1652 1939 commodi

319 1977 437 2002 causa
470 1964 685 2004 simulent?
742 1965 844 2003 Mihi
874 1965 1036 2016 quidem
1066 1979 1323 2016 permagnum
1353 1965 1515 2012 videtur,
1548 1979 1653 2015 prae-

318 2029 451 2066 sertim
490 2029 522 2067 si
561 2029 667 2068 idem
707 2030 888 2068 homines
927 2030 1121 2080 privatum
1159 2044 1241 2068 non
1279 2032 1358 2069 fere
1397 2044 1648 2080 quemquam,

319 2101 516 2142 praetores
545 2107 700 2144 semper
729 2094 858 2133 omnis
893 2102 1037 2133 amant.
1098 2097 1191 2144 Quo
1224 2109 1271 2134 ex
1299 2109 1441 2145 genere
1470 2095 1501 2133 si
1532 2109 1649 2145 quem

318 2159 417 2196 forte
455 2157 511 2196 tui
550 2158 728 2209 cognosti
767 2159 1025 2198 amantiorem
1065 2159 1164 2211 (fieri
1203 2159 1308 2198 enim
1347 2159 1491 2209 potuit)
1531 2173 1647 2209 quam
1669 2173 1710 2203 30

317 2222 516 2272 temporis,
539 2224 646 2261 hunc
666 2236 758 2262 vero
787 2224 837 2261 ad
868 2230 979 2261 tuum
1009 2237 1217 2261 numerum
1247 2223 1414 2261 libenter
1441 2223 1651 2270 ascribito:

316 2287 377 2323 sin
406 2295 538 2325 autem
568 2287 609 2326 id
636 2301 717 2325 non
744 2287 966 2338 perspicies,
991 2289 1142 2325 nullum
1162 2300 1286 2337 genus
1307 2287 1377 2326 erit
1398 2287 1437 2325 in
1458 2288 1650 2326 familiari-

318 2357 396 2388 tate
417 2353 638 2390 cavendum
660 2351 792 2402 magis,
812 2359 1017 2402 propterea
1033 2352 1141 2402 quod
1157 2358 1195 2390 et
1211 2351 1339 2390 omnis
1360 2351 1440 2390 vias
1457 2352 1648 2401 pecuniae

381 2461 422 2489 29
446 2460 545 2490 quem
563 2454 652 2481 πίω
675 2451 810 2490 quidem
829 2450 869 2480 M
1042 2460 1080 2489 31
1110 2454 1240 2480 tuorum
1259 2449 1323 2481 cod.
1347 2448 1585 2491 Longollianus
