<?xml version="1.0" encoding="UTF-8"?>
<!DOCTYPE html PUBLIC "-//W3C//DTD XHTML 1.0 Transitional//EN"
    "http://www.w3.org/TR/xhtml1/DTD/xhtml1-transitional.dtd">
<html xmlns="http://www.w3.org/1999/xhtml" xml:lang="en" lang="en">
 <head>
  <title>
</title>
<meta http-equiv="Content-Type" content="text/html;charset=utf-8" />
  <meta name='ocr-system' content='tesseract 3.04.00' />
  <meta name='ocr-capabilities' content='ocr_page ocr_carea ocr_par ocr_line ocrx_word'/>
</head>
<body>
  <div class='ocr_page' id='page_1' title='image "./epistulaerecogno03ciceuoft_0098.png"; bbox 0 0 1871 2782; ppageno 0'>
   <div class='ocr_carea' id='block_1_1' title="bbox 300 167 1297 220">
    <p class='ocr_par' dir='ltr' id='par_1_1' title="bbox 300 167 1297 220">
     <span class='ocr_line' id='line_1_1' title="bbox 300 167 1297 220; baseline -0.003 -11"><span class='ocrx_word' id='word_1_1' title='bbox 300 181 324 220; x_wconf 90' lang='lat'>5</span> <span class='ocrx_word' id='word_1_2' title='bbox 349 179 385 209; x_wconf 58' lang='grc' dir='ltr'>ιε</span> <span class='ocrx_word' id='word_1_3' title='bbox 707 170 757 218; x_wconf 84' lang='lat' dir='ltr'><strong>Q.</strong></span> <span class='ocrx_word' id='word_1_4' title='bbox 789 169 957 206; x_wconf 89' lang='lat' dir='ltr'><strong>TVLLI</strong></span> <span class='ocrx_word' id='word_1_5' title='bbox 990 167 1297 207; x_wconf 77' lang='lat' dir='ltr'>CICERONIS</span> 
     </span>
    </p>
   </div>
   <div class='ocr_carea' id='block_1_2' title="bbox 275 623 313 651">
    <p class='ocr_par' dir='ltr' id='par_1_2' title="bbox 275 623 313 651">
     <span class='ocr_line' id='line_1_2' title="bbox 275 623 313 651; baseline 0 0"><span class='ocrx_word' id='word_1_6' title='bbox 275 623 313 651; x_wconf 77' lang='lat'>10</span> 
     </span>
    </p>
   </div>
   <div class='ocr_carea' id='block_1_3' title="bbox 277 1402 316 1424">
    <p class='ocr_par' dir='ltr' id='par_1_3' title="bbox 277 1402 316 1424">
     <span class='ocr_line' id='line_1_3' title="bbox 277 1402 316 1424; baseline 0.026 -1"><span class='ocrx_word' id='word_1_7' title='bbox 277 1402 316 1424; x_wconf 80' lang='lat'>20</span> 
     </span>
    </p>
   </div>
   <div class='ocr_carea' id='block_1_4' title="bbox 331 279 1730 1958">
    <p class='ocr_par' dir='ltr' id='par_1_4' title="bbox 331 279 1730 1958">
     <span class='ocr_line' id='line_1_4' title="bbox 332 279 1664 330; baseline -0.002 -10"><span class='ocrx_word' id='word_1_8' title='bbox 332 294 399 320; x_wconf 71' lang='lat' dir='ltr'>eos</span> <span class='ocrx_word' id='word_1_9' title='bbox 431 293 561 319; x_wconf 88' lang='lat' dir='ltr'>rursus</span> <span class='ocrx_word' id='word_1_10' title='bbox 595 293 739 330; x_wconf 90' lang='lat' dir='ltr'>magno</span> <span class='ocrx_word' id='word_1_11' title='bbox 773 293 891 330; x_wconf 90' lang='lat' dir='ltr'>opere</span> <span class='ocrx_word' id='word_1_12' title='bbox 930 286 968 318; x_wconf 88' lang='lat' dir='ltr'>et</span> <span class='ocrx_word' id='word_1_13' title='bbox 999 293 1184 330; x_wconf 89' lang='lat' dir='ltr'>compara</span> <span class='ocrx_word' id='word_1_14' title='bbox 1222 286 1261 318; x_wconf 92' lang='lat' dir='ltr'>et</span> <span class='ocrx_word' id='word_1_15' title='bbox 1299 279 1498 320; x_wconf 81' lang='lat' dir='ltr'>confirma.</span> <span class='ocrx_word' id='word_1_16' title='bbox 1559 281 1664 319; x_wconf 83' lang='lat' dir='ltr'>Nam</span> 
     </span>
     <span class='ocr_line' id='line_1_5' title="bbox 331 344 1665 397; baseline -0.001 -13"><span class='ocrx_word' id='word_1_17' title='bbox 331 360 399 397; x_wconf 91' lang='lat' dir='ltr'>per</span> <span class='ocrx_word' id='word_1_18' title='bbox 428 347 500 384; x_wconf 88' lang='lat' dir='ltr'>hos</span> <span class='ocrx_word' id='word_1_19' title='bbox 524 359 651 384; x_wconf 86' lang='lat' dir='ltr'>annos</span> <span class='ocrx_word' id='word_1_20' title='bbox 678 345 860 384; x_wconf 90' lang='lat' dir='ltr'>homines</span> <span class='ocrx_word' id='word_1_21' title='bbox 886 344 1085 383; x_wconf 82' lang='lat' dir='ltr'>ambitiosi</span> <span class='ocrx_word' id='word_1_22' title='bbox 1113 346 1367 383; x_wconf 89' lang='lat' dir='ltr'>vehementer</span> <span class='ocrx_word' id='word_1_23' title='bbox 1396 344 1504 383; x_wconf 90' lang='lat' dir='ltr'>omni</span> <span class='ocrx_word' id='word_1_24' title='bbox 1534 345 1665 384; x_wconf 90' lang='lat' dir='ltr'>studio</span> 
     </span>
     <span class='ocr_line' id='line_1_6' title="bbox 331 409 1666 461; baseline -0.001 -12"><span class='ocrx_word' id='word_1_25' title='bbox 331 419 450 461; x_wconf 81' lang='lat' dir='ltr'>atque</span> <span class='ocrx_word' id='word_1_26' title='bbox 489 423 610 461; x_wconf 86' lang='lat' dir='ltr'>opera</span> <span class='ocrx_word' id='word_1_27' title='bbox 648 411 862 457; x_wconf 88' lang='lat' dir='ltr'>elaborant,</span> <span class='ocrx_word' id='word_1_28' title='bbox 906 418 948 448; x_wconf 91' lang='lat' dir='ltr'>ut</span> <span class='ocrx_word' id='word_1_29' title='bbox 988 409 1139 460; x_wconf 82' lang='lat' dir='ltr'><strong>possint</strong></span> <span class='ocrx_word' id='word_1_30' title='bbox 1181 423 1204 448; x_wconf 92' lang='lat' dir='ltr'>a</span> <span class='ocrx_word' id='word_1_31' title='bbox 1247 409 1455 448; x_wconf 86' lang='lat' dir='ltr'>tribulibus</span> <span class='ocrx_word' id='word_1_32' title='bbox 1498 409 1577 448; x_wconf 92' lang='lat' dir='ltr'>suis</span> <span class='ocrx_word' id='word_1_33' title='bbox 1620 423 1666 448; x_wconf 88' lang='lat' dir='ltr'>ea</span> 
     </span>
     <span class='ocr_line' id='line_1_7' title="bbox 332 473 1666 526; baseline -0.001 -12"><span class='ocrx_word' id='word_1_34' title='bbox 332 489 433 526; x_wconf 85' lang='lat' dir='ltr'>quae</span> <span class='ocrx_word' id='word_1_35' title='bbox 454 475 636 525; x_wconf 88' lang='lat' dir='ltr'>petierint</span> <span class='ocrx_word' id='word_1_36' title='bbox 662 475 879 526; x_wconf 88' lang='lat' dir='ltr'>impetrare.</span> <span class='ocrx_word' id='word_1_37' title='bbox 942 477 1031 513; x_wconf 90' lang='lat' dir='ltr'>Hos</span> <span class='ocrx_word' id='word_1_38' title='bbox 1060 482 1102 512; x_wconf 91' lang='lat' dir='ltr'>tu</span> <span class='ocrx_word' id='word_1_39' title='bbox 1129 473 1323 521; x_wconf 84' lang='lat' dir='ltr'>homines,</span> <span class='ocrx_word' id='word_1_40' title='bbox 1346 473 1666 524; x_wconf 88' lang='lat' dir='ltr'>quibuscumque</span> 
     </span>
     <span class='ocr_line' id='line_1_8' title="bbox 332 538 1703 590; baseline -0.001 -12"><span class='ocrx_word' id='word_1_41' title='bbox 332 539 477 590; x_wconf 88' lang='lat' dir='ltr'>poteris</span> <span class='ocrx_word' id='word_1_42' title='bbox 498 538 725 586; x_wconf 89' lang='lat' dir='ltr'>rationibus,</span> <span class='ocrx_word' id='word_1_43' title='bbox 742 547 784 577; x_wconf 88' lang='lat' dir='ltr'>ut</span> <span class='ocrx_word' id='word_1_44' title='bbox 800 553 847 578; x_wconf 87' lang='lat' dir='ltr'>ex</span> <span class='ocrx_word' id='word_1_45' title='bbox 865 538 1000 577; x_wconf 86' lang='lat' dir='ltr'>animo</span> <span class='ocrx_word' id='word_1_46' title='bbox 1019 546 1138 589; x_wconf 85' lang='lat' dir='ltr'>atque</span> <span class='ocrx_word' id='word_1_47' title='bbox 1159 552 1206 577; x_wconf 82' lang='lat' dir='ltr'>ex</span> <span class='ocrx_word' id='word_1_48' title='bbox 1225 538 1314 579; x_wconf 90' lang='lat' dir='ltr'>†illa</span> <span class='ocrx_word' id='word_1_49' title='bbox 1335 543 1512 579; x_wconf 88' lang='lat' dir='ltr'>summa†</span> <span class='ocrx_word' id='word_1_50' title='bbox 1531 540 1667 577; x_wconf 89' lang='lat' dir='ltr'>volun-</span> <span class='ocrx_word' id='word_1_51' title='bbox 1686 547 1703 580; x_wconf 90' lang='lat'>5</span> 
     </span>
     <span class='ocr_line' id='line_1_9' title="bbox 333 603 1666 653; baseline -0.002 -10"><span class='ocrx_word' id='word_1_52' title='bbox 333 613 411 644; x_wconf 86' lang='lat' dir='ltr'>tate</span> <span class='ocrx_word' id='word_1_53' title='bbox 433 604 488 643; x_wconf 90' lang='lat' dir='ltr'>tui</span> <span class='ocrx_word' id='word_1_54' title='bbox 508 604 675 643; x_wconf 84' lang='lat' dir='ltr'>studiosi</span> <span class='ocrx_word' id='word_1_55' title='bbox 696 604 772 642; x_wconf 87' lang='lat' dir='ltr'>sint</span> <span class='ocrx_word' id='word_1_56' title='bbox 793 604 1004 642; x_wconf 89' lang='lat' dir='ltr'>elaborato.</span> <span class='ocrx_word' id='word_1_57' title='bbox 1065 604 1187 653; x_wconf 87' lang='lat' dir='ltr'>Quod</span> <span class='ocrx_word' id='word_1_58' title='bbox 1208 603 1239 641; x_wconf 92' lang='lat' dir='ltr'>si</span> <span class='ocrx_word' id='word_1_59' title='bbox 1260 603 1352 641; x_wconf 90' lang='lat' dir='ltr'>satis</span> <span class='ocrx_word' id='word_1_60' title='bbox 1372 603 1469 653; x_wconf 86' lang='lat' dir='ltr'>grati</span> <span class='ocrx_word' id='word_1_61' title='bbox 1485 603 1666 642; x_wconf 87' lang='lat' dir='ltr'>homines</span> 
     </span>
     <span class='ocr_line' id='line_1_10' title="bbox 333 668 1668 718; baseline -0.001 -10"><span class='ocrx_word' id='word_1_62' title='bbox 333 677 474 717; x_wconf 75' lang='lat' dir='ltr'>essent,</span> <span class='ocrx_word' id='word_1_63' title='bbox 497 670 595 708; x_wconf 87' lang='lat' dir='ltr'>haec</span> <span class='ocrx_word' id='word_1_64' title='bbox 619 668 691 707; x_wconf 90' lang='lat' dir='ltr'>tibi</span> <span class='ocrx_word' id='word_1_65' title='bbox 712 668 845 707; x_wconf 83' lang='lat' dir='ltr'>onmia</span> <span class='ocrx_word' id='word_1_66' title='bbox 872 675 1006 718; x_wconf 87' lang='lat' dir='ltr'>parata</span> <span class='ocrx_word' id='word_1_67' title='bbox 1027 681 1112 706; x_wconf 90' lang='lat' dir='ltr'>esse</span> <span class='ocrx_word' id='word_1_68' title='bbox 1136 668 1349 715; x_wconf 81' lang='lat' dir='ltr'><strong>debebant,</strong></span> <span class='ocrx_word' id='word_1_69' title='bbox 1372 668 1428 706; x_wconf 93' lang='lat' dir='ltr'>sic</span> <span class='ocrx_word' id='word_1_70' title='bbox 1453 668 1509 706; x_wconf 90' lang='lat' dir='ltr'>uti</span> <span class='ocrx_word' id='word_1_71' title='bbox 1534 675 1668 718; x_wconf 88' lang='lat' dir='ltr'>parata</span> 
     </span>
     <span class='ocr_line' id='line_1_11' title="bbox 333 731 1669 781; baseline -0.002 -8"><span class='ocrx_word' id='word_1_72' title='bbox 333 747 418 773; x_wconf 89' lang='lat' dir='ltr'>esse</span> <span class='ocrx_word' id='word_1_73' title='bbox 438 734 609 773; x_wconf 89' lang='lat' dir='ltr'>confido.</span> <span class='ocrx_word' id='word_1_74' title='bbox 671 734 775 771; x_wconf 86' lang='lat' dir='ltr'>Nam</span> <span class='ocrx_word' id='word_1_75' title='bbox 797 734 874 770; x_wconf 90' lang='lat' dir='ltr'>hoc</span> <span class='ocrx_word' id='word_1_76' title='bbox 898 731 1061 771; x_wconf 92' lang='lat' dir='ltr'>biennio</span> <span class='ocrx_word' id='word_1_77' title='bbox 1089 739 1276 781; x_wconf 86' lang='lat' dir='ltr'>quattuor</span> <span class='ocrx_word' id='word_1_78' title='bbox 1295 731 1522 770; x_wconf 78' lang='lat' dir='ltr'>sodalitates</span> <span class='ocrx_word' id='word_1_79' title='bbox 1544 732 1669 771; x_wconf 87' lang='lat' dir='ltr'>homi-</span> 
     </span>
     <span class='ocr_line' id='line_1_12' title="bbox 332 796 1668 847; baseline -0.002 -10"><span class='ocrx_word' id='word_1_80' title='bbox 332 813 427 837; x_wconf 88' lang='lat' dir='ltr'>num</span> <span class='ocrx_word' id='word_1_81' title='bbox 448 800 498 838; x_wconf 88' lang='lat' dir='ltr'>ad</span> <span class='ocrx_word' id='word_1_82' title='bbox 518 798 777 838; x_wconf 84' lang='lat' dir='ltr'>ambitionem</span> <span class='ocrx_word' id='word_1_83' title='bbox 797 797 1165 847; x_wconf 80' lang='lat' dir='ltr'>gratiosissimorum</span> <span class='ocrx_word' id='word_1_84' title='bbox 1190 796 1261 834; x_wconf 90' lang='lat' dir='ltr'>tibi</span> <span class='ocrx_word' id='word_1_85' title='bbox 1282 796 1473 847; x_wconf 84' lang='lat' dir='ltr'>obligasti,</span> <span class='ocrx_word' id='word_1_86' title='bbox 1498 798 1542 836; x_wconf 90' lang='lat' dir='ltr'>C.</span> <span class='ocrx_word' id='word_1_87' title='bbox 1567 799 1668 835; x_wconf 84' lang='lat' dir='ltr'>Fun-</span> 
     </span>
     <span class='ocr_line' id='line_1_13' title="bbox 332 861 1730 914; baseline -0.002 -10"><span class='ocrx_word' id='word_1_88' title='bbox 332 864 436 911; x_wconf 87' lang='lat' dir='ltr'>dani,</span> <span class='ocrx_word' id='word_1_89' title='bbox 460 865 508 914; x_wconf 88' lang='lat' dir='ltr'>Q.</span> <span class='ocrx_word' id='word_1_90' title='bbox 528 863 641 911; x_wconf 86' lang='lat' dir='ltr'>Galli,</span> <span class='ocrx_word' id='word_1_91' title='bbox 667 864 711 903; x_wconf 91' lang='lat' dir='ltr'>C.</span> <span class='ocrx_word' id='word_1_92' title='bbox 746 863 910 910; x_wconf 75' lang='lat' dir='ltr'>Corneli,</span> <span class='ocrx_word' id='word_1_93' title='bbox 938 863 981 901; x_wconf 92' lang='lat' dir='ltr'>C.</span> <span class='ocrx_word' id='word_1_94' title='bbox 1008 861 1149 900; x_wconf 90' lang='lat' dir='ltr'>Orcivi.</span> <span class='ocrx_word' id='word_1_95' title='bbox 1212 863 1370 899; x_wconf 90' lang='lat' dir='ltr'>Horum</span> <span class='ocrx_word' id='word_1_96' title='bbox 1400 861 1441 899; x_wconf 89' lang='lat' dir='ltr'>in</span> <span class='ocrx_word' id='word_1_97' title='bbox 1469 861 1596 900; x_wconf 87' lang='lat' dir='ltr'>causis</span> <span class='ocrx_word' id='word_1_98' title='bbox 1616 863 1667 900; x_wconf 86' lang='lat' dir='ltr'>ad</span> <span class='ocrx_word' id='word_1_99' title='bbox 1691 880 1730 901; x_wconf 87' lang='lat'>10</span> 
     </span>
     <span class='ocr_line' id='line_1_14' title="bbox 332 926 1670 978; baseline -0.003 -10"><span class='ocrx_word' id='word_1_100' title='bbox 332 938 369 968; x_wconf 89' lang='lat' dir='ltr'>te</span> <span class='ocrx_word' id='word_1_101' title='bbox 399 928 621 968; x_wconf 85' lang='lat' dir='ltr'>deferendis</span> <span class='ocrx_word' id='word_1_102' title='bbox 652 927 747 978; x_wconf 86' lang='lat' dir='ltr'>quid</span> <span class='ocrx_word' id='word_1_103' title='bbox 772 927 843 966; x_wconf 91' lang='lat' dir='ltr'>tibi</span> <span class='ocrx_word' id='word_1_104' title='bbox 872 940 1009 965; x_wconf 90' lang='lat' dir='ltr'>eorum</span> <span class='ocrx_word' id='word_1_105' title='bbox 1034 927 1190 964; x_wconf 88' lang='lat' dir='ltr'>sodales</span> <span class='ocrx_word' id='word_1_106' title='bbox 1217 926 1435 976; x_wconf 77' lang='lat' dir='ltr'>receperint</span> <span class='ocrx_word' id='word_1_107' title='bbox 1464 934 1502 965; x_wconf 89' lang='lat' dir='ltr'>et</span> <span class='ocrx_word' id='word_1_108' title='bbox 1531 928 1670 965; x_wconf 83' lang='lat' dir='ltr'>confir-</span> 
     </span>
     <span class='ocr_line' id='line_1_15' title="bbox 331 991 1666 1041; baseline -0.001 -8"><span class='ocrx_word' id='word_1_109' title='bbox 331 994 472 1033; x_wconf 87' lang='lat' dir='ltr'>marint</span> <span class='ocrx_word' id='word_1_110' title='bbox 499 994 592 1041; x_wconf 92' lang='lat' dir='ltr'>scio,</span> <span class='ocrx_word' id='word_1_111' title='bbox 616 1007 707 1032; x_wconf 88' lang='lat' dir='ltr'>nam</span> <span class='ocrx_word' id='word_1_112' title='bbox 738 992 904 1032; x_wconf 87' lang='lat' dir='ltr'>interfui.</span> <span class='ocrx_word' id='word_1_113' title='bbox 965 994 1056 1041; x_wconf 88' lang='lat' dir='ltr'>Qua</span> <span class='ocrx_word' id='word_1_114' title='bbox 1082 1006 1122 1031; x_wconf 90' lang='lat' dir='ltr'>re</span> <span class='ocrx_word' id='word_1_115' title='bbox 1146 993 1222 1031; x_wconf 95' lang='lat' dir='ltr'>hoc</span> <span class='ocrx_word' id='word_1_116' title='bbox 1249 992 1321 1030; x_wconf 89' lang='lat' dir='ltr'>tibi</span> <span class='ocrx_word' id='word_1_117' title='bbox 1350 991 1576 1031; x_wconf 90' lang='lat' dir='ltr'>faciendum</span> <span class='ocrx_word' id='word_1_118' title='bbox 1597 1000 1666 1039; x_wconf 87' lang='lat' dir='ltr'>est,</span> 
     </span>
     <span class='ocr_line' id='line_1_16' title="bbox 332 1056 1670 1109; baseline -0.004 -10"><span class='ocrx_word' id='word_1_119' title='bbox 332 1062 407 1099; x_wconf 87' lang='lat' dir='ltr'>hoc</span> <span class='ocrx_word' id='word_1_120' title='bbox 436 1067 612 1109; x_wconf 84' lang='lat' dir='ltr'>tempore</span> <span class='ocrx_word' id='word_1_121' title='bbox 642 1066 684 1097; x_wconf 90' lang='lat' dir='ltr'>ut</span> <span class='ocrx_word' id='word_1_122' title='bbox 710 1059 761 1097; x_wconf 86' lang='lat' dir='ltr'>ab</span> <span class='ocrx_word' id='word_1_123' title='bbox 786 1058 846 1096; x_wconf 90' lang='lat' dir='ltr'>his</span> <span class='ocrx_word' id='word_1_124' title='bbox 873 1058 983 1107; x_wconf 86' lang='lat' dir='ltr'>quod</span> <span class='ocrx_word' id='word_1_125' title='bbox 1013 1057 1162 1096; x_wconf 89' lang='lat' dir='ltr'>debent</span> <span class='ocrx_word' id='word_1_126' title='bbox 1190 1056 1320 1106; x_wconf 85' lang='lat' dir='ltr'>exigas</span> <span class='ocrx_word' id='word_1_127' title='bbox 1350 1069 1467 1107; x_wconf 89' lang='lat' dir='ltr'>saepe</span> <span class='ocrx_word' id='word_1_128' title='bbox 1497 1069 1670 1095; x_wconf 88' lang='lat' dir='ltr'>commo-</span> 
     </span>
     <span class='ocr_line' id='line_1_17' title="bbox 332 1121 1669 1174; baseline -0.003 -11"><span class='ocrx_word' id='word_1_129' title='bbox 332 1126 477 1171; x_wconf 86' lang='lat' dir='ltr'>nendo,</span> <span class='ocrx_word' id='word_1_130' title='bbox 500 1125 687 1174; x_wconf 86' lang='lat' dir='ltr'>rogandO,</span> <span class='ocrx_word' id='word_1_131' title='bbox 706 1124 990 1169; x_wconf 90' lang='lat' dir='ltr'>confirmando,</span> <span class='ocrx_word' id='word_1_132' title='bbox 1009 1123 1186 1161; x_wconf 90' lang='lat' dir='ltr'>curando</span> <span class='ocrx_word' id='word_1_133' title='bbox 1206 1129 1248 1160; x_wconf 89' lang='lat' dir='ltr'>ut</span> <span class='ocrx_word' id='word_1_134' title='bbox 1268 1121 1496 1171; x_wconf 85' lang='lat' dir='ltr'>intellegant</span> <span class='ocrx_word' id='word_1_135' title='bbox 1517 1123 1669 1160; x_wconf 92' lang='lat' dir='ltr'>nullum</span> 
     </span>
     <span class='ocr_line' id='line_1_18' title="bbox 334 1186 1728 1239; baseline -0.002 -12"><span class='ocrx_word' id='word_1_136' title='bbox 334 1203 374 1227; x_wconf 87' lang='lat' dir='ltr'>se</span> <span class='ocrx_word' id='word_1_137' title='bbox 396 1202 585 1239; x_wconf 85' lang='lat' dir='ltr'>umquam</span> <span class='ocrx_word' id='word_1_138' title='bbox 605 1188 712 1227; x_wconf 88' lang='lat' dir='ltr'>aliud</span> <span class='ocrx_word' id='word_1_139' title='bbox 730 1195 885 1238; x_wconf 90' lang='lat' dir='ltr'>tempus</span> <span class='ocrx_word' id='word_1_140' title='bbox 900 1187 1101 1225; x_wconf 84' lang='lat' dir='ltr'>habituros</span> <span class='ocrx_word' id='word_1_141' title='bbox 1118 1188 1345 1225; x_wconf 86' lang='lat' dir='ltr'>referendae</span> <span class='ocrx_word' id='word_1_142' title='bbox 1365 1186 1519 1237; x_wconf 87' lang='lat' dir='ltr'>gratiae.</span> <span class='ocrx_word' id='word_1_143' title='bbox 1580 1188 1670 1225; x_wconf 91' lang='lat' dir='ltr'>Pro·</span> <span class='ocrx_word' id='word_1_144' title='bbox 1693 1202 1728 1235; x_wconf 84' lang='lat'>¹5</span> 
     </span>
     <span class='ocr_line' id='line_1_19' title="bbox 334 1250 1668 1304; baseline -0.003 -11"><span class='ocrx_word' id='word_1_145' title='bbox 334 1256 438 1294; x_wconf 88' lang='lat' dir='ltr'>fecto</span> <span class='ocrx_word' id='word_1_146' title='bbox 459 1253 640 1293; x_wconf 86' lang='lat' dir='ltr'>homines</span> <span class='ocrx_word' id='word_1_147' title='bbox 661 1261 699 1292; x_wconf 90' lang='lat' dir='ltr'>et</span> <span class='ocrx_word' id='word_1_148' title='bbox 719 1267 789 1303; x_wconf 88' lang='lat' dir='ltr'>spe</span> <span class='ocrx_word' id='word_1_149' title='bbox 809 1253 1049 1303; x_wconf 84' lang='lat' dir='ltr'>reliquorum</span> <span class='ocrx_word' id='word_1_150' title='bbox 1077 1260 1235 1291; x_wconf 89' lang='lat' dir='ltr'>tuorum</span> <span class='ocrx_word' id='word_1_151' title='bbox 1262 1252 1480 1290; x_wconf 85' lang='lat' dir='ltr'>officiorum</span> <span class='ocrx_word' id='word_1_152' title='bbox 1502 1259 1539 1290; x_wconf 90' lang='lat' dir='ltr'>et</span> <span class='ocrx_word' id='word_1_153' title='bbox 1558 1250 1668 1304; x_wconf 87' lang='lat' dir='ltr'>[iam]</span> 
     </span>
     <span class='ocr_line' id='line_1_20' title="bbox 334 1317 1667 1359; baseline -0.003 0"><span class='ocrx_word' id='word_1_154' title='bbox 334 1319 557 1359; x_wconf 82' lang='lat' dir='ltr'>recentibus</span> <span class='ocrx_word' id='word_1_155' title='bbox 591 1318 793 1358; x_wconf 88' lang='lat' dir='ltr'>beneficiis</span> <span class='ocrx_word' id='word_1_156' title='bbox 823 1320 875 1357; x_wconf 89' lang='lat' dir='ltr'>ad</span> <span class='ocrx_word' id='word_1_157' title='bbox 908 1318 1083 1357; x_wconf 87' lang='lat' dir='ltr'>studium</span> <span class='ocrx_word' id='word_1_158' title='bbox 1119 1318 1345 1356; x_wconf 85' lang='lat' dir='ltr'>navandum</span> <span class='ocrx_word' id='word_1_159' title='bbox 1384 1317 1667 1356; x_wconf 86' lang='lat' dir='ltr'>excitabuntur.</span> 
     </span>
     <span class='ocr_line' id='line_1_21' title="bbox 337 1383 1671 1434; baseline -0.001 -11"><span class='ocrx_word' id='word_1_160' title='bbox 337 1387 387 1423; x_wconf 89' lang='lat' dir='ltr'>Et</span> <span class='ocrx_word' id='word_1_161' title='bbox 429 1383 595 1423; x_wconf 89' lang='lat' dir='ltr'>omnino</span> <span class='ocrx_word' id='word_1_162' title='bbox 635 1383 823 1434; x_wconf 83' lang='lat' dir='ltr'>quoniam</span> <span class='ocrx_word' id='word_1_163' title='bbox 864 1397 912 1422; x_wconf 94' lang='lat' dir='ltr'>eo</span> <span class='ocrx_word' id='word_1_164' title='bbox 950 1397 1092 1433; x_wconf 87' lang='lat' dir='ltr'>genere</span> <span class='ocrx_word' id='word_1_165' title='bbox 1130 1383 1389 1421; x_wconf 84' lang='lat' dir='ltr'>amicitiarum</span> <span class='ocrx_word' id='word_1_166' title='bbox 1428 1383 1566 1433; x_wconf 86' lang='lat' dir='ltr'>petitio</span> <span class='ocrx_word' id='word_1_167' title='bbox 1605 1392 1671 1421; x_wconf 84' lang='lat' dir='ltr'>tua</span> 
     </span>
     <span class='ocr_line' id='line_1_22' title="bbox 335 1451 1670 1501; baseline 0.001 -11"><span class='ocrx_word' id='word_1_168' title='bbox 335 1451 503 1491; x_wconf 81' lang='lat' dir='ltr'>maxime</span> <span class='ocrx_word' id='word_1_169' title='bbox 534 1451 685 1491; x_wconf 85' lang='lat' dir='ltr'>munita</span> <span class='ocrx_word' id='word_1_170' title='bbox 713 1459 781 1498; x_wconf 88' lang='lat' dir='ltr'>est,</span> <span class='ocrx_word' id='word_1_171' title='bbox 805 1452 914 1501; x_wconf 85' lang='lat' dir='ltr'>quod</span> <span class='ocrx_word' id='word_1_172' title='bbox 942 1465 988 1490; x_wconf 86' lang='lat' dir='ltr'>ex</span> <span class='ocrx_word' id='word_1_173' title='bbox 1018 1465 1224 1489; x_wconf 86' lang='lat' dir='ltr'>causarum</span> <span class='ocrx_word' id='word_1_174' title='bbox 1256 1451 1554 1490; x_wconf 90' lang='lat' dir='ltr'>defensionibus</span> <span class='ocrx_word' id='word_1_175' title='bbox 1581 1453 1670 1491; x_wconf 80' lang='lat' dir='ltr'>ade-</span> 
     </span>
     <span class='ocr_line' id='line_1_23' title="bbox 333 1510 1729 1568; baseline 0 -13"><span class='ocrx_word' id='word_1_176' title='bbox 333 1525 422 1568; x_wconf 91' lang='lat' dir='ltr'>ptus</span> <span class='ocrx_word' id='word_1_177' title='bbox 452 1531 505 1565; x_wconf 87' lang='lat' dir='ltr'>es,</span> <span class='ocrx_word' id='word_1_178' title='bbox 528 1518 588 1556; x_wconf 90' lang='lat' dir='ltr'>fac</span> <span class='ocrx_word' id='word_1_179' title='bbox 617 1524 660 1555; x_wconf 90' lang='lat' dir='ltr'>ut</span> <span class='ocrx_word' id='word_1_180' title='bbox 686 1518 803 1566; x_wconf 88' lang='lat' dir='ltr'>plane</span> <span class='ocrx_word' id='word_1_181' title='bbox 832 1516 877 1554; x_wconf 90' lang='lat' dir='ltr'>iis</span> <span class='ocrx_word' id='word_1_182' title='bbox 905 1516 1090 1554; x_wconf 86' lang='lat' dir='ltr'>omnibus</span> <span class='ocrx_word' id='word_1_183' title='bbox 1115 1530 1214 1566; x_wconf 86' lang='lat' dir='ltr'>quos</span> <span class='ocrx_word' id='word_1_184' title='bbox 1241 1510 1446 1555; x_wconf 88' lang='lat' dir='ltr'>devinctos</span> <span class='ocrx_word' id='word_1_185' title='bbox 1476 1525 1585 1556; x_wconf 86' lang='lat' dir='ltr'>tenes</span> <span class='ocrx_word' id='word_1_186' title='bbox 1615 1518 1669 1556; x_wconf 89' lang='lat' dir='ltr'>di-</span> <span class='ocrx_word' id='word_1_187' title='bbox 1690 1532 1729 1555; x_wconf 88' lang='lat'>20</span> 
     </span>
     <span class='ocr_line' id='line_1_24' title="bbox 333 1581 1670 1633; baseline 0.001 -12"><span class='ocrx_word' id='word_1_188' title='bbox 333 1581 520 1633; x_wconf 85' lang='lat' dir='ltr'>scriptum</span> <span class='ocrx_word' id='word_1_189' title='bbox 541 1596 587 1620; x_wconf 88' lang='lat' dir='ltr'>ac</span> <span class='ocrx_word' id='word_1_190' title='bbox 604 1582 836 1632; x_wconf 88' lang='lat' dir='ltr'>dispositum</span> <span class='ocrx_word' id='word_1_191' title='bbox 855 1596 968 1619; x_wconf 85' lang='lat' dir='ltr'>suum</span> <span class='ocrx_word' id='word_1_192' title='bbox 992 1581 1134 1632; x_wconf 86' lang='lat' dir='ltr'>cuique</span> <span class='ocrx_word' id='word_1_193' title='bbox 1155 1596 1298 1620; x_wconf 89' lang='lat' dir='ltr'>munus</span> <span class='ocrx_word' id='word_1_194' title='bbox 1319 1582 1392 1630; x_wconf 85' lang='lat' dir='ltr'>sit;</span> <span class='ocrx_word' id='word_1_195' title='bbox 1421 1590 1459 1621; x_wconf 92' lang='lat' dir='ltr'>et</span> <span class='ocrx_word' id='word_1_196' title='bbox 1480 1596 1598 1633; x_wconf 87' lang='lat' dir='ltr'>quem</span> <span class='ocrx_word' id='word_1_197' title='bbox 1618 1584 1670 1622; x_wconf 92' lang='lat' dir='ltr'>ad</span> 
     </span>
     <span class='ocr_line' id='line_1_25' title="bbox 335 1646 1668 1697; baseline 0.002 -13"><span class='ocrx_word' id='word_1_198' title='bbox 335 1648 499 1686; x_wconf 92' lang='lat' dir='ltr'>modum</span> <span class='ocrx_word' id='word_1_199' title='bbox 528 1646 676 1686; x_wconf 90' lang='lat' dir='ltr'>nemini</span> <span class='ocrx_word' id='word_1_200' title='bbox 703 1646 857 1684; x_wconf 91' lang='lat' dir='ltr'>illorum</span> <span class='ocrx_word' id='word_1_201' title='bbox 885 1648 1073 1685; x_wconf 88' lang='lat' dir='ltr'>molestus</span> <span class='ocrx_word' id='word_1_202' title='bbox 1100 1648 1179 1685; x_wconf 86' lang='lat' dir='ltr'>ulla</span> <span class='ocrx_word' id='word_1_203' title='bbox 1203 1646 1243 1684; x_wconf 90' lang='lat' dir='ltr'>in</span> <span class='ocrx_word' id='word_1_204' title='bbox 1271 1661 1310 1685; x_wconf 92' lang='lat' dir='ltr'>re</span> <span class='ocrx_word' id='word_1_205' title='bbox 1335 1661 1524 1697; x_wconf 85' lang='lat' dir='ltr'>umquam</span> <span class='ocrx_word' id='word_1_206' title='bbox 1552 1648 1668 1695; x_wconf 79' lang='lat' dir='ltr'>fuisti,</span> 
     </span>
     <span class='ocr_line' id='line_1_26' title="bbox 334 1711 1670 1762; baseline 0.001 -12"><span class='ocrx_word' id='word_1_207' title='bbox 334 1712 389 1750; x_wconf 89' lang='lat' dir='ltr'>sic</span> <span class='ocrx_word' id='word_1_208' title='bbox 420 1726 513 1751; x_wconf 87' lang='lat' dir='ltr'>cura</span> <span class='ocrx_word' id='word_1_209' title='bbox 543 1720 586 1751; x_wconf 93' lang='lat' dir='ltr'>ut</span> <span class='ocrx_word' id='word_1_210' title='bbox 617 1712 844 1762; x_wconf 88' lang='lat' dir='ltr'>intellegant</span> <span class='ocrx_word' id='word_1_211' title='bbox 878 1711 1011 1750; x_wconf 86' lang='lat' dir='ltr'>omnia</span> <span class='ocrx_word' id='word_1_212' title='bbox 1045 1719 1083 1750; x_wconf 86' lang='lat' dir='ltr'>te</span> <span class='ocrx_word' id='word_1_213' title='bbox 1114 1725 1215 1762; x_wconf 85' lang='lat' dir='ltr'>quae</span> <span class='ocrx_word' id='word_1_214' title='bbox 1245 1712 1296 1750; x_wconf 89' lang='lat' dir='ltr'>ab</span> <span class='ocrx_word' id='word_1_215' title='bbox 1328 1711 1401 1750; x_wconf 94' lang='lat' dir='ltr'>illis</span> <span class='ocrx_word' id='word_1_216' title='bbox 1433 1712 1504 1751; x_wconf 90' lang='lat' dir='ltr'>tibi</span> <span class='ocrx_word' id='word_1_217' title='bbox 1535 1713 1670 1752; x_wconf 88' lang='lat' dir='ltr'>deberi</span> 
     </span>
     <span class='ocr_line' id='line_1_27' title="bbox 336 1776 1669 1826; baseline 0.002 -12"><span class='ocrx_word' id='word_1_218' title='bbox 336 1776 480 1826; x_wconf 84' lang='lat' dir='ltr'>putaris</span> <span class='ocrx_word' id='word_1_219' title='bbox 518 1778 569 1815; x_wconf 89' lang='lat' dir='ltr'>ad</span> <span class='ocrx_word' id='word_1_220' title='bbox 609 1778 685 1815; x_wconf 91' lang='lat' dir='ltr'>hoc</span> <span class='ocrx_word' id='word_1_221' title='bbox 723 1784 878 1826; x_wconf 89' lang='lat' dir='ltr'>tempus</span> <span class='ocrx_word' id='word_1_222' title='bbox 917 1790 1142 1815; x_wconf 87' lang='lat' dir='ltr'>reservasse.</span> <span class='ocrx_word' id='word_1_223' title='bbox 1203 1778 1280 1815; x_wconf 89' lang='lat' dir='ltr'>Sed</span> <span class='ocrx_word' id='word_1_224' title='bbox 1319 1776 1507 1826; x_wconf 88' lang='lat' dir='ltr'>quoniam</span> <span class='ocrx_word' id='word_1_225' title='bbox 1547 1777 1669 1816; x_wconf 89' lang='lat' dir='ltr'>tribus</span> 
     </span>
     <span class='ocr_line' id='line_1_28' title="bbox 334 1841 1728 1892; baseline 0 -12"><span class='ocrx_word' id='word_1_226' title='bbox 334 1842 449 1880; x_wconf 88' lang='lat' dir='ltr'>rebus</span> <span class='ocrx_word' id='word_1_227' title='bbox 471 1841 651 1881; x_wconf 90' lang='lat' dir='ltr'>homines</span> <span class='ocrx_word' id='word_1_228' title='bbox 673 1842 841 1880; x_wconf 86' lang='lat' dir='ltr'>maxime</span> <span class='ocrx_word' id='word_1_229' title='bbox 861 1843 912 1880; x_wconf 89' lang='lat' dir='ltr'>ad</span> <span class='ocrx_word' id='word_1_230' title='bbox 938 1842 1255 1881; x_wconf 87' lang='lat' dir='ltr'>benevolentiam</span> <span class='ocrx_word' id='word_1_231' title='bbox 1276 1850 1395 1892; x_wconf 85' lang='lat' dir='ltr'>atque</span> <span class='ocrx_word' id='word_1_232' title='bbox 1422 1843 1520 1881; x_wconf 88' lang='lat' dir='ltr'>haec</span> <span class='ocrx_word' id='word_1_233' title='bbox 1540 1845 1670 1882; x_wconf 84' lang='lat' dir='ltr'>suffra-</span> <span class='ocrx_word' id='word_1_234' title='bbox 1691 1857 1728 1889; x_wconf 79' lang='lat'>25</span> 
     </span>
     <span class='ocr_line' id='line_1_29' title="bbox 333 1906 1669 1958; baseline 0.001 -12"><span class='ocrx_word' id='word_1_235' title='bbox 333 1907 451 1958; x_wconf 86' lang='lat' dir='ltr'>gandi</span> <span class='ocrx_word' id='word_1_236' title='bbox 472 1907 602 1946; x_wconf 85' lang='lat' dir='ltr'>studia</span> <span class='ocrx_word' id='word_1_237' title='bbox 622 1908 830 1954; x_wconf 89' lang='lat' dir='ltr'>ducuntur,</span> <span class='ocrx_word' id='word_1_238' title='bbox 859 1907 1065 1955; x_wconf 86' lang='lat' dir='ltr'>beneficio,</span> <span class='ocrx_word' id='word_1_239' title='bbox 1089 1920 1168 1956; x_wconf 88' lang='lat' dir='ltr'>spe,</span> <span class='ocrx_word' id='word_1_240' title='bbox 1197 1906 1453 1946; x_wconf 90' lang='lat' dir='ltr'>adiunctione</span> <span class='ocrx_word' id='word_1_241' title='bbox 1482 1907 1603 1946; x_wconf 84' lang='lat' dir='ltr'>animi</span> <span class='ocrx_word' id='word_1_242' title='bbox 1623 1923 1669 1947; x_wconf 85' lang='lat' dir='ltr'>ac</span> 
     </span>
    </p>
   </div>
   <div class='ocr_carea' id='block_1_5' title="bbox 334 2010 1670 2139">
    <p class='ocr_par' dir='ltr' id='par_1_5' title="bbox 334 2010 1670 2139">
     <span class='ocr_line' id='line_1_30' title="bbox 382 2010 1670 2052; baseline 0.002 -10"><span class='ocrx_word' id='word_1_243' title='bbox 382 2023 393 2042; x_wconf 73' lang='lat' dir='ltr'>r</span> <span class='ocrx_word' id='word_1_244' title='bbox 422 2022 537 2042; x_wconf 89' lang='lat' dir='ltr'>rursus</span> <span class='ocrx_word' id='word_1_245' title='bbox 555 2012 600 2043; x_wconf 89' lang='lat' dir='ltr'>F:</span> <span class='ocrx_word' id='word_1_246' title='bbox 626 2022 765 2052; x_wconf 86' lang='lat' dir='ltr'>prorsus</span> <span class='ocrx_word' id='word_1_247' title='bbox 783 2010 907 2043; x_wconf 77' lang='lat' dir='ltr'>Hdett.</span> <span class='ocrx_word' id='word_1_248' title='bbox 1042 2022 1062 2051; x_wconf 90' lang='lat'><strong>3</strong></span> <span class='ocrx_word' id='word_1_249' title='bbox 1086 2022 1191 2051; x_wconf 88' lang='lat' dir='ltr'>opera</span> <span class='ocrx_word' id='word_1_250' title='bbox 1207 2011 1382 2042; x_wconf 88' lang='lat' dir='ltr'>elaborant</span> <span class='ocrx_word' id='word_1_251' title='bbox 1399 2012 1542 2051; x_wconf 82' lang='lat' dir='ltr'>Kayser:</span> <span class='ocrx_word' id='word_1_252' title='bbox 1567 2023 1670 2052; x_wconf 89' lang='lat' dir='ltr'>opere</span> 
     </span>
     <span class='ocr_line' id='line_1_31' title="bbox 334 2055 1670 2095; baseline 0.001 -9"><span class='ocrx_word' id='word_1_253' title='bbox 334 2056 488 2086; x_wconf 76' lang='lat' dir='ltr'>laborant</span> <span class='ocrx_word' id='word_1_254' title='bbox 506 2055 592 2086; x_wconf 87' lang='lat' dir='ltr'>FH:</span> <span class='ocrx_word' id='word_1_255' title='bbox 618 2066 722 2095; x_wconf 86' lang='lat' dir='ltr'>opera</span> <span class='ocrx_word' id='word_1_256' title='bbox 740 2056 958 2086; x_wconf 82' lang='lat' dir='ltr'>elaborarunt</span> <span class='ocrx_word' id='word_1_257' title='bbox 983 2055 1152 2086; x_wconf 75' lang='lat' dir='ltr'>Turnebus</span> <span class='ocrx_word' id='word_1_258' title='bbox 1272 2066 1291 2094; x_wconf 86' lang='lat'>4</span> <span class='ocrx_word' id='word_1_259' title='bbox 1317 2056 1478 2095; x_wconf 86' lang='lat' dir='ltr'>petierint</span> <span class='ocrx_word' id='word_1_260' title='bbox 1495 2056 1670 2088; x_wconf 68' lang='lat' dir='ltr'>Buclzeler:</span> 
     </span>
     <span class='ocr_line' id='line_1_32' title="bbox 335 2098 1669 2139; baseline 0.001 -10"><span class='ocrx_word' id='word_1_261' title='bbox 335 2104 492 2139; x_wconf 81' lang='lat' dir='ltr'>peterent</span> <span class='ocrx_word' id='word_1_262' title='bbox 516 2099 603 2130; x_wconf 84' lang='lat' dir='ltr'>codd.</span> <span class='ocrx_word' id='word_1_263' title='bbox 739 2109 758 2137; x_wconf 87' lang='lat'><strong>5</strong></span> <span class='ocrx_word' id='word_1_264' title='bbox 785 2099 839 2129; x_wconf 84' lang='lat' dir='ltr'>illa</span> <span class='ocrx_word' id='word_1_265' title='bbox 866 2099 980 2130; x_wconf 72' lang='lat' dir='ltr'>Fdett.</span> <span class='ocrx_word' id='word_1_266' title='bbox 999 2111 1006 2130; x_wconf 92' lang='lat'>:</span> <span class='ocrx_word' id='word_1_267' title='bbox 1035 2099 1091 2129; x_wconf 90' lang='lat' dir='ltr'>illo</span> <span class='ocrx_word' id='word_1_268' title='bbox 1114 2098 1162 2135; x_wconf 75' lang='lat' dir='ltr'><strong>H.</strong></span> <span class='ocrx_word' id='word_1_269' title='bbox 1183 2098 1268 2128; x_wconf 80' lang='lat' dir='ltr'>unde</span> <span class='ocrx_word' id='word_1_270' title='bbox 1284 2110 1324 2129; x_wconf 86' lang='lat' dir='ltr'>ex</span> <span class='ocrx_word' id='word_1_271' title='bbox 1351 2100 1463 2129; x_wconf 88' lang='lat' dir='ltr'>animo</span> <span class='ocrx_word' id='word_1_272' title='bbox 1482 2100 1546 2130; x_wconf 89' lang='lat' dir='ltr'>imo</span> <span class='ocrx_word' id='word_1_273' title='bbox 1569 2104 1669 2139; x_wconf 84' lang='lat' dir='ltr'>atque</span> 
     </span>
    </p>
   </div>
   <div class='ocr_carea' id='block_1_6' title="bbox 334 2142 1670 2485">
    <p class='ocr_par' dir='ltr' id='par_1_6' title="bbox 334 2142 1670 2485">
     <span class='ocr_line' id='line_1_33' title="bbox 334 2142 1669 2182; baseline 0.001 -10"><span class='ocrx_word' id='word_1_274' title='bbox 334 2153 376 2172; x_wconf 85' lang='lat' dir='ltr'>ex</span> <span class='ocrx_word' id='word_1_275' title='bbox 394 2153 523 2173; x_wconf 88' lang='lat' dir='ltr'>summa</span> <span class='ocrx_word' id='word_1_276' title='bbox 540 2143 712 2173; x_wconf 84' lang='lat' dir='ltr'>voluntate</span> <span class='ocrx_word' id='word_1_277' title='bbox 730 2143 852 2172; x_wconf 71' lang='lat' dir='ltr'>(om&#39;ea&#39;l</span> <span class='ocrx_word' id='word_1_278' title='bbox 862 2142 1031 2173; x_wconf 65' lang='lat' dir='ltr'>Emmaus:</span> <span class='ocrx_word' id='word_1_279' title='bbox 1055 2143 1287 2182; x_wconf 73' lang='lat' dir='ltr'>superlativum</span> <span class='ocrx_word' id='word_1_280' title='bbox 1299 2142 1464 2181; x_wconf 78' lang='lat' dir='ltr'>quoddam</span> <span class='ocrx_word' id='word_1_281' title='bbox 1482 2148 1669 2182; x_wconf 78' lang='lat' dir='ltr'>corruptum</span> 
     </span>
     <span class='ocr_line' id='line_1_34' title="bbox 334 2185 1670 2226; baseline 0 -10"><span class='ocrx_word' id='word_1_282' title='bbox 334 2197 397 2216; x_wconf 76' lang='lat' dir='ltr'>esse</span> <span class='ocrx_word' id='word_1_283' title='bbox 411 2190 506 2225; x_wconf 79' lang='lat' dir='ltr'>putat</span> <span class='ocrx_word' id='word_1_284' title='bbox 524 2186 679 2217; x_wconf 68' lang='lat' dir='ltr'>Buclwlcr</span> <span class='ocrx_word' id='word_1_285' title='bbox 760 2197 781 2225; x_wconf 93' lang='lat'><strong>9</strong></span> <span class='ocrx_word' id='word_1_286' title='bbox 798 2186 823 2215; x_wconf 93' lang='lat' dir='ltr'>C</span> <span class='ocrx_word' id='word_1_287' title='bbox 838 2186 922 2216; x_wconf 88' lang='lat' dir='ltr'>FH:</span> <span class='ocrx_word' id='word_1_288' title='bbox 944 2186 975 2215; x_wconf 91' lang='lat' dir='ltr'><strong>M</strong></span> <span class='ocrx_word' id='word_1_289' title='bbox 989 2186 1059 2216; x_wconf 76' lang='lat' dir='ltr'><strong>dett.</strong></span> <span class='ocrx_word' id='word_1_290' title='bbox 1155 2196 1193 2216; x_wconf 91' lang='lat'>10</span> <span class='ocrx_word' id='word_1_291' title='bbox 1211 2186 1347 2215; x_wconf 78' lang='lat' dir='ltr'>Corneli</span> <span class='ocrx_word' id='word_1_292' title='bbox 1366 2186 1401 2216; x_wconf 93' lang='lat' dir='ltr'>C.</span> <span class='ocrx_word' id='word_1_293' title='bbox 1421 2185 1496 2216; x_wconf 80' lang='lat' dir='ltr'>add.</span> <span class='ocrx_word' id='word_1_294' title='bbox 1515 2186 1588 2216; x_wconf 62' lang='lat' dir='ltr'>dett.</span> <span class='ocrx_word' id='word_1_295' title='bbox 1607 2197 1670 2226; x_wconf 80' lang='lat' dir='ltr'>quo</span> 
     </span>
     <span class='ocr_line' id='line_1_35' title="bbox 334 2228 1669 2270; baseline 0.001 -11"><span class='ocrx_word' id='word_1_296' title='bbox 334 2230 400 2259; x_wconf 85' lang='lat' dir='ltr'>solo</span> <span class='ocrx_word' id='word_1_297' title='bbox 413 2230 548 2269; x_wconf 68' lang='lat' dir='ltr'>perspici</span> <span class='ocrx_word' id='word_1_298' title='bbox 553 2234 658 2270; x_wconf 78' lang='lat' dir='ltr'>polest</span> <span class='ocrx_word' id='word_1_299' title='bbox 674 2229 747 2260; x_wconf 81' lang='lat' dir='ltr'>dell.</span> <span class='ocrx_word' id='word_1_300' title='bbox 766 2240 830 2259; x_wconf 77' lang='lat' dir='ltr'>uon</span> <span class='ocrx_word' id='word_1_301' title='bbox 848 2230 888 2259; x_wconf 83' lang='lat' dir='ltr'>ab</span> <span class='ocrx_word' id='word_1_302' title='bbox 906 2229 974 2259; x_wconf 89' lang='lat' dir='ltr'>FH</span> <span class='ocrx_word' id='word_1_303' title='bbox 987 2230 1144 2269; x_wconf 58' lang='lat' dir='ltr'>ortgrr&#39;nem</span> <span class='ocrx_word' id='word_1_304' title='bbox 1161 2229 1291 2258; x_wconf 74' lang='lat' dir='ltr'>duxisse</span> <span class='ocrx_word' id='word_1_305' title='bbox 1390 2239 1428 2258; x_wconf 87' lang='lat'>12</span> <span class='ocrx_word' id='word_1_306' title='bbox 1452 2234 1502 2259; x_wconf 83' lang='lat' dir='ltr'>est</span> <span class='ocrx_word' id='word_1_307' title='bbox 1519 2228 1559 2258; x_wconf 90' lang='lat' dir='ltr'><em>H</em></span> <span class='ocrx_word' id='word_1_308' title='bbox 1573 2229 1643 2260; x_wconf 79' lang='lat' dir='ltr'>dett.</span> <span class='ocrx_word' id='word_1_309' title='bbox 1663 2241 1669 2259; x_wconf 90' lang='lat'><strong>:</strong></span> 
     </span>
     <span class='ocr_line' id='line_1_36' title="bbox 336 2272 1667 2305; baseline 0.001 -4"><span class='ocrx_word' id='word_1_310' title='bbox 336 2283 399 2303; x_wconf 82' lang='lat' dir='ltr'>om.</span> <span class='ocrx_word' id='word_1_311' title='bbox 420 2273 452 2302; x_wconf 90' lang='lat' dir='ltr'><em>F</em></span> <span class='ocrx_word' id='word_1_312' title='bbox 627 2275 665 2303; x_wconf 91' lang='lat'>16</span> <span class='ocrx_word' id='word_1_313' title='bbox 690 2273 843 2303; x_wconf 83' lang='lat' dir='ltr'>homines</span> <span class='ocrx_word' id='word_1_314' title='bbox 869 2272 977 2303; x_wconf 72' lang='lat' dir='ltr'>codd:</span> <span class='ocrx_word' id='word_1_315' title='bbox 1011 2273 1045 2302; x_wconf 91' lang='lat' dir='ltr'>hi</span> <span class='ocrx_word' id='word_1_316' title='bbox 1073 2282 1190 2303; x_wconf 86' lang='lat' dir='ltr'>omnes</span> <span class='ocrx_word' id='word_1_317' title='bbox 1214 2272 1370 2302; x_wconf 53' lang='lat' dir='ltr'>Buclzelcv</span> <span class='ocrx_word' id='word_1_318' title='bbox 1522 2273 1584 2302; x_wconf 86' lang='lat' dir='ltr'>iarn</span> <span class='ocrx_word' id='word_1_319' title='bbox 1609 2273 1667 2305; x_wconf 81' lang='lat' dir='ltr'>del,</span> 
     </span>
     <span class='ocr_line' id='line_1_37' title="bbox 336 2315 1669 2356; baseline -0.001 -9"><span class='ocrx_word' id='word_1_320' title='bbox 336 2317 422 2355; x_wconf 74' lang='lat' dir='ltr'>vulg.</span> <span class='ocrx_word' id='word_1_321' title='bbox 442 2328 448 2346; x_wconf 89' lang='lat'>:</span> <span class='ocrx_word' id='word_1_322' title='bbox 473 2317 535 2346; x_wconf 82' lang='lat' dir='ltr'>iam</span> <span class='ocrx_word' id='word_1_323' title='bbox 549 2318 697 2355; x_wconf 83' lang='lat' dir='ltr'>acceptis</span> <span class='ocrx_word' id='word_1_324' title='bbox 714 2317 791 2347; x_wconf 73' lang='lat' dir='ltr'>coni.</span> <span class='ocrx_word' id='word_1_325' title='bbox 809 2316 1044 2356; x_wconf 59' lang='lat' dir='ltr'>Afft&#39;illemsorl.</span> <span class='ocrx_word' id='word_1_326' title='bbox 1059 2321 1125 2346; x_wconf 85' lang='lat' dir='ltr'>tam</span> <span class='ocrx_word' id='word_1_327' title='bbox 1214 2326 1256 2346; x_wconf 89' lang='lat'>20</span> <span class='ocrx_word' id='word_1_328' title='bbox 1279 2315 1476 2355; x_wconf 85' lang='lat' dir='ltr'>discriptum</span> <span class='ocrx_word' id='word_1_329' title='bbox 1491 2315 1669 2346; x_wconf 68' lang='lat' dir='ltr'>Buslzeler:</span> 
     </span>
     <span class='ocr_line' id='line_1_38' title="bbox 338 2359 1667 2399; baseline 0 -10"><span class='ocrx_word' id='word_1_330' title='bbox 338 2360 541 2398; x_wconf 79' lang='lat' dir='ltr'>descriptum</span> <span class='ocrx_word' id='word_1_331' title='bbox 560 2360 648 2392; x_wconf 83' lang='lat' dir='ltr'>codd.</span> <span class='ocrx_word' id='word_1_332' title='bbox 665 2361 700 2399; x_wconf 76' lang='lat' dir='ltr'>cf.</span> <span class='ocrx_word' id='word_1_333' title='bbox 721 2363 735 2397; x_wconf 68' lang='grc' dir='ltr'>ξ</span> <span class='ocrx_word' id='word_1_334' title='bbox 754 2370 796 2398; x_wconf 86' lang='lat'>30</span> <span class='ocrx_word' id='word_1_335' title='bbox 812 2363 840 2389; x_wconf 82' lang='lat' dir='ltr'>et</span> <span class='ocrx_word' id='word_1_336' title='bbox 855 2359 930 2389; x_wconf 79' lang='lat' dir='ltr'>ctdn.</span> <span class='ocrx_word' id='word_1_337' title='bbox 948 2359 995 2389; x_wconf 81' lang='lat' dir='ltr'>ad</span> <span class='ocrx_word' id='word_1_338' title='bbox 1009 2360 1103 2389; x_wconf 83' lang='lat' dir='ltr'>Fam.</span> <span class='ocrx_word' id='word_1_339' title='bbox 1124 2360 1178 2389; x_wconf 83' lang='lat' dir='ltr'>xii.</span> <span class='ocrx_word' id='word_1_340' title='bbox 1204 2369 1228 2389; x_wconf 86' lang='lat'>1.</span> <span class='ocrx_word' id='word_1_341' title='bbox 1252 2369 1265 2388; x_wconf 92' lang='lat'>1</span> <span class='ocrx_word' id='word_1_342' title='bbox 1372 2370 1412 2389; x_wconf 84' lang='lat'>22</span> <span class='ocrx_word' id='word_1_343' title='bbox 1438 2359 1505 2389; x_wconf 84' lang='lat' dir='ltr'>ulla</span> <span class='ocrx_word' id='word_1_344' title='bbox 1525 2359 1641 2390; x_wconf 79' lang='lat' dir='ltr'>Lamb.</span> <span class='ocrx_word' id='word_1_345' title='bbox 1660 2372 1667 2389; x_wconf 92' lang='lat'>:</span> 
     </span>
     <span class='ocr_line' id='line_1_39' title="bbox 339 2402 1669 2443; baseline 0.002 -12"><span class='ocrx_word' id='word_1_346' title='bbox 339 2403 427 2432; x_wconf 85' lang='lat' dir='ltr'>nulla</span> <span class='ocrx_word' id='word_1_347' title='bbox 444 2403 530 2434; x_wconf 78' lang='lat' dir='ltr'><strong>codd.</strong></span> <span class='ocrx_word' id='word_1_348' title='bbox 678 2406 715 2441; x_wconf 56' lang='grc' dir='ltr'>ἐξ</span> <span class='ocrx_word' id='word_1_349' title='bbox 735 2413 771 2433; x_wconf 86' lang='grc' dir='ltr'>2ῐ</span> <span class='ocrx_word' id='word_1_350' title='bbox 792 2403 838 2433; x_wconf 83' lang='lat' dir='ltr'>ad</span> <span class='ocrx_word' id='word_1_351' title='bbox 852 2413 893 2441; x_wconf 85' lang='lat'>24</span> <span class='ocrx_word' id='word_1_352' title='bbox 906 2406 983 2443; x_wconf 79' lang='lat' dir='ltr'>post</span> <span class='ocrx_word' id='word_1_353' title='bbox 1000 2406 1014 2438; x_wconf 68' lang='grc'>,5</span> <span class='ocrx_word' id='word_1_354' title='bbox 1033 2413 1073 2440; x_wconf 82' lang='lat'>32</span> <span class='ocrx_word' id='word_1_355' title='bbox 1092 2403 1198 2432; x_wconf 84' lang='lat' dir='ltr'>bonus</span> <span class='ocrx_word' id='word_1_356' title='bbox 1215 2412 1292 2433; x_wconf 86' lang='lat' dir='ltr'>esse</span> <span class='ocrx_word' id='word_1_357' title='bbox 1309 2402 1444 2433; x_wconf 84' lang='lat' dir='ltr'>videare</span> <span class='ocrx_word' id='word_1_358' title='bbox 1463 2406 1669 2443; x_wconf 73' lang='lat' dir='ltr'>transponere</span> 
     </span>
     <span class='ocr_line' id='line_1_40' title="bbox 337 2445 1233 2485; baseline 0 -9"><span class='ocrx_word' id='word_1_359' title='bbox 337 2446 406 2477; x_wconf 71' lang='lat' dir='ltr'>vult</span> <span class='ocrx_word' id='word_1_360' title='bbox 425 2446 573 2476; x_wconf 69' lang='lat' dir='ltr'>Bc&#39;z&#39;ltrens</span> <span class='ocrx_word' id='word_1_361' title='bbox 704 2456 744 2485; x_wconf 87' lang='lat'>25</span> <span class='ocrx_word' id='word_1_362' title='bbox 770 2447 922 2477; x_wconf 76' lang='lat' dir='ltr'>hemines</span> <span class='ocrx_word' id='word_1_363' title='bbox 940 2445 1065 2478; x_wconf 69' lang='lat' dir='ltr'>Hdctt.</span> <span class='ocrx_word' id='word_1_364' title='bbox 1085 2457 1092 2476; x_wconf 73' lang='grc' dir='ltr'>ε</span> <span class='ocrx_word' id='word_1_365' title='bbox 1115 2456 1181 2477; x_wconf 86' lang='lat' dir='ltr'>om.</span> <span class='ocrx_word' id='word_1_366' title='bbox 1201 2445 1233 2476; x_wconf 83' lang='lat' dir='ltr'><em>B</em></span> 
     </span>
    </p>
   </div>
   <div class='ocr_carea' id='block_1_7' title="bbox 1850 978 1871 2688">
    <p class='ocr_par' dir='ltr' id='par_1_7' title="bbox 1850 978 1871 2688">
     <span class='ocr_line' id='line_1_41' title="bbox 1850 978 1871 2688; baseline 0 0"><span class='ocrx_word' id='word_1_367' title='bbox 1850 978 1871 2688; x_wconf 95' lang='lat' dir='ltr'> </span> 
     </span>
    </p>
   </div>
  </div>
 </body>
</html>
