1871 2782
200 566 217 598 5

179 890 219 912 10

181 1540 219 1562 20

182 2187 224 2218 30

602 187 680 225 ΕΡ.
712 187 790 224 AD
821 187 1111 227 OCTAVIAN
1119 188 1200 225 VM

237 303 390 344 parturn
435 309 595 335 aureum
637 310 721 336 esse
758 297 847 337 dixi.
919 301 971 337 At
1009 306 1046 337 te
1083 301 1161 337 fata
1195 299 1341 350 patriae
1380 299 1560 340 Paridem

237 361 408 398 futurum
439 361 728 411 praedicebant,
751 362 818 412 qui
839 371 1008 401 vastares
1028 364 1165 402 urbem
1186 364 1384 413 incendio,
1406 365 1558 404 Italiam

238 424 351 470 bello,
384 424 451 474 qui
480 433 603 463 castra
627 425 666 463 in
693 426 849 476 templis
873 428 1036 465 deorum
1064 426 1354 475 immortalium,
1380 437 1558 468 senatum

237 487 275 524 in
301 489 434 527 castris
469 489 670 527 habiturus
709 503 824 528 esses.
902 492 937 529 O
971 491 1150 529 miseram
1189 500 1226 530 et
1264 492 1304 530 in
1340 493 1445 531 brevi
1480 501 1557 531 tam
1580 500 1601 538 7

237 554 402 591 celerem
424 562 462 592 et
482 561 561 592 tarn
582 554 725 592 variam
747 553 799 592 rei
821 555 1000 604 publicae
1016 556 1365 595 commutationem
1384 560 1390 595 1
1448 557 1561 606 Quis-

237 630 327 654 nam
360 618 425 656 tali
453 620 603 657 futurus
634 618 792 669 ingenio
823 627 880 657 est
907 619 973 669 qui
1005 619 1127 670 possit
1161 621 1258 659 haec
1291 621 1345 659 ita
1376 623 1560 660 mandare

236 681 371 720 litteris
403 691 444 720 ut
475 684 577 721 facta
607 697 687 722 non
722 685 812 722 ficta
845 684 1049 722 videantur
1079 686 1192 722 esse?
1238 684 1326 734 quis
1356 685 1425 723 erit
1454 693 1560 723 tanta

236 746 356 784 animi
395 747 578 786 facilitate
616 747 694 797 qui,
735 761 836 798 quae
880 747 1077 786 verissime
1115 749 1304 787 memoria
1351 758 1561 799 propagata

237 811 388 857 fuerint,
413 825 492 850 non
513 812 668 850 fabulae
689 812 830 850 similia
849 812 897 850 sit
924 812 1240 851 existimaturus?
1296 814 1436 864 Cogita
1456 814 1560 852 enim

237 875 456 913 Antonium
478 877 631 914 hostem
652 876 879 924 iudicatum,
901 877 951 915 ab
971 890 1019 915 eo
1039 877 1337 916 circumsessum
1358 880 1560 916 consulem

237 940 483 990 designatum
505 942 755 990 eundemque
775 941 828 979 rei
849 941 1030 991 publicae
1050 949 1262 991 parentem,
1285 950 1322 980 te
1342 944 1560 992 profectum

236 1005 286 1043 ad
307 1006 509 1043 consulem
523 1005 769 1044 liberandum
783 1013 820 1043 et
834 1007 987 1044 hostem
1008 1006 1311 1055 opprimendum
1327 1008 1560 1057 hostemque

235 1082 259 1107 a
278 1076 316 1108 te
336 1070 511 1119 fugatum
532 1077 569 1108 et
589 1071 791 1108 consulem
812 1070 1020 1109 obsidione
1039 1070 1256 1117 liberatum,
1279 1070 1424 1110 deinde
1444 1073 1561 1121 paulo

238 1141 327 1184 post
346 1135 522 1184 fugatum
542 1134 651 1172 illum
672 1135 825 1172 hostem
846 1135 1073 1173 arcessitum
1095 1142 1296 1184 tamquam
1325 1137 1560 1174 coheredem

239 1206 392 1237 mortua
418 1212 457 1236 re
483 1198 641 1249 publica
668 1200 719 1237 ad
748 1199 854 1237 bona
882 1199 1017 1249 populi
1048 1199 1220 1237 Romani
1249 1199 1449 1249 capienda,
1473 1213 1562 1238 con-

239 1265 363 1302 sulem
384 1263 631 1312 designatum
657 1276 787 1301 rursus
807 1262 1002 1300 inclusum
1022 1276 1070 1301 eo
1090 1263 1157 1301 ubi
1178 1277 1220 1302 se
1247 1277 1328 1302 non
1355 1264 1562 1302 moenibus

237 1329 307 1366 sed
334 1328 562 1366 fluminibus
582 1335 620 1366 et
641 1327 841 1366 montibus
868 1334 1050 1366 tueretur.
1109 1330 1224 1366 Haec
1251 1328 1337 1378 quis
1358 1328 1563 1367 conabitur

236 1394 462 1443 exponere?
504 1392 590 1442 quis
625 1393 782 1431 credere
815 1392 1007 1431 audebit?
1073 1391 1207 1431 Liceat
1240 1394 1361 1431 semel
1401 1392 1562 1443 impune

237 1471 431 1508 peccasse,
472 1456 520 1495 sit
557 1456 699 1495 erranti
742 1456 939 1495 medicina
984 1457 1190 1495 confessio.
1266 1459 1415 1496 Verum
1457 1458 1561 1496 enim
1584 1462 1607 1498 8

237 1522 378 1561 dicam.
435 1521 597 1560 Vtinam
627 1529 665 1560 te
693 1521 833 1572 potius,
857 1522 1017 1569 Antoni,
1050 1522 1257 1560 dominum
1290 1536 1371 1561 non
1401 1522 1564 1573 expulis-

238 1602 368 1626 semus
398 1601 517 1638 quam
546 1589 652 1625 hunc
679 1587 964 1637 reciperemus!
994 1601 1073 1625 non
1103 1601 1183 1637 quo
1212 1589 1291 1625 ulla
1317 1587 1365 1626 sit
1391 1589 1564 1638 optanda

237 1652 399 1691 servitus
426 1653 496 1690 sed
520 1652 612 1702 quia
637 1651 826 1702 dignitate
852 1651 1003 1690 domini
1033 1651 1161 1689 minus
1191 1652 1312 1701 turpis
1333 1659 1391 1690 est
1410 1653 1564 1690 fortuna

238 1717 346 1756 servi.
407 1719 455 1755 In
485 1718 642 1756 duobus
670 1725 803 1756 autem
834 1717 944 1755 malis
974 1730 1066 1755 cum
1092 1716 1321 1767 fugiendum
1349 1716 1474 1755 maius
1503 1717 1564 1761 sit,

238 1782 359 1821 levius
380 1790 438 1820 est
465 1782 700 1832 eligendum.
762 1783 834 1820 Ille
855 1796 900 1820 ea
921 1789 1052 1820 tamen
1077 1782 1260 1820 exorabat
1287 1795 1387 1831 quae
1408 1782 1563 1819 volebat

237 1848 396 1893 auferre,
431 1854 473 1884 tu
502 1854 719 1896 extorques.
781 1848 853 1884 Ille
885 1848 1022 1884 consul
1052 1845 1292 1896 provinciam
1327 1845 1496 1895 petebat,
1523 1853 1563 1883 tu

238 1911 409 1961 privatus
448 1905 706 1961 concupiscis.
786 1912 857 1948 Ille
894 1912 946 1948 ad
985 1912 1176 1948 malorum
1217 1911 1382 1947 salutem
1420 1908 1565 1947 iudicia

239 1975 503 2014 constituebat
529 1983 568 2013 et
591 1977 694 2025 leges
718 1975 876 2021 ferebat,
913 1982 954 2012 tu
985 1976 1036 2013 ad
1069 1974 1282 2024 perniciem
1312 1973 1561 2024 optimorum.

242 2042 313 2079 Ille
332 2054 355 2078 a
375 2039 563 2090 sanguine
592 2047 630 2078 et
659 2039 844 2078 incendio
873 2053 1071 2078 servorum
1103 2039 1341 2089 Capitolium
1371 2038 1562 2084 tuebatur,

241 2113 282 2142 tu
303 2118 438 2143 cruore
468 2112 506 2142 et
535 2106 694 2143 flamma
722 2112 864 2142 cuncta
892 2105 1022 2142 delere
1042 2103 1109 2142 vis.
1169 2103 1207 2142 Si
1238 2103 1304 2153 qui
1333 2104 1452 2142 dabat
1481 2117 1565 2153 pro-

242 2169 388 2207 vincias
419 2168 556 2208 Cassio
583 2176 621 2207 et
653 2168 781 2207 Brutis
811 2176 850 2207 et
880 2168 953 2206 illis
984 2168 1215 2207 custodibus
1245 2167 1415 2206 nominis
1445 2167 1566 2205 nostri

242 2234 438 2284 regnabat,
474 2233 569 2283 quid
591 2233 704 2272 faciet
731 2233 797 2283 qui
831 2233 948 2271 vitam
981 2233 1147 2271 adimit?
1213 2233 1253 2271 Si
1291 2232 1357 2282 qui
1396 2246 1442 2271 ex
1471 2232 1565 2270 urbe

288 2346 299 2365 1
329 2337 457 2375 patriae
484 2336 638 2367 Paridem
661 2335 735 2366 MT
760 2337 811 2365 (ut
830 2335 963 2373 videtur,
987 2336 1022 2374 cf.
1049 2335 1219 2366 ‘Advrrsff
1240 2340 1273 2375 p.
1299 2335 1402 2374 9803:
1437 2339 1565 2373 patrem

242 2380 373 2419 patriae
390 2379 459 2410 FH
590 2390 627 2419 17
652 2380 827 2410 conabitur
858 2379 917 2409 M:
955 2379 1078 2418 poterit
1112 2379 1205 2409 CFH
1345 2389 1382 2416 ¹9
1406 2388 1564 2417 peccasse

243 2424 354 2462 vulg:
386 2433 507 2463 pecare
531 2422 606 2453 M1:
639 2433 779 2462 peccare
805 2423 858 2452 M·-‘
995 2423 1037 2452 26
1060 2422 1272 2461 concupiscis
1298 2421 1409 2452 CFH:
1443 2431 1563 2452 concu-

243 2466 320 2507 pisti
339 2466 379 2496 M
529 2476 567 2506 31
596 2466 630 2498 Si
651 2466 742 2497 CFH
760 2466 806 2506 *gin
823 2465 870 2496 H.
888 2476 964 2497 corr.
984 2476 1021 2496 cx
1037 2466 1111 2507 sed)
1129 2477 1136 2497 :
1159 2476 1223 2496 om.
1243 2464 1281 2495 M
