1871 2782
130 576 146 608 5

115 901 155 924 10

120 1556 160 1579 20

129 2203 169 2233 30

409 197 521 234 EPP.
553 195 632 233 AD
662 195 931 244 QVINTVM
962 195 1236 232 FRATREM
1438 195 1468 232 I.
1486 194 1532 231 iii

164 306 256 345 darn
278 304 444 356 effigiem
465 304 643 356 spirantis
665 302 818 342 mortui.
877 305 1010 353 Atque
1034 304 1183 342 utinam
1206 318 1268 343 me
1290 310 1488 343 mortuum

164 371 270 421 prius
294 371 456 410 vidisses
479 377 546 409 aut
571 370 759 417 audisses,
788 368 938 407 utinam
966 376 1003 407 te
1031 383 1111 408 non
1139 371 1266 407 solum
1289 369 1391 408 vitae
1420 370 1490 408 sed

165 435 282 473 etiam
304 435 502 485 dignitatis
530 448 641 473 meae
667 433 914 484 superstitem
941 433 1208 484 reliquissem!
1265 435 1343 473 Sed
1372 442 1491 473 testor
1514 449 1527 468 2

166 499 294 539 omnis
315 501 411 539 deos
439 514 503 538 me
523 501 597 538 hac
618 513 696 538 una
715 512 812 537 voce
832 512 855 537 a
875 506 1000 538 morte
1020 512 1105 538 esse
1125 506 1361 547 revocatum,
1384 500 1491 549 quod

167 578 306 603 omnes
340 564 380 602 in
412 578 500 603 mea
530 564 609 602 vita
639 571 789 614 partem
821 563 993 613 aliquam
1029 571 1118 602 tuae
1150 564 1251 602 vitae
1283 563 1492 613 repositam

167 643 252 668 esse
273 630 483 677 dicebant3
515 642 593 679 qua
621 628 661 666 in
691 643 731 667 re
761 628 922 679 peccavi
951 630 1217 679 scelerateque
1246 627 1330 667 feci.
1391 630 1494 666 Nam

168 694 200 732 si
230 694 477 741 occidissem,
514 707 619 733 mors
658 694 742 745 ipsa
781 706 910 733 meam
945 693 1133 744 pietatem
1167 707 1423 743 amoremque
1457 693 1496 730 in

169 766 207 798 te
236 760 349 798 facile
384 760 638 807 defenderet;
681 772 789 798 nunc
827 758 1009 798 commisi
1039 766 1081 797 ut
1116 772 1179 798 me
1208 747 1297 797 vivo
1335 771 1494 803 careres,

170 824 260 863 vivo
307 838 371 862 me
408 823 492 862 aliis
539 823 743 874 indigeres,
785 835 874 862 mea
920 837 995 862 vox
1042 823 1081 861 in
1129 822 1356 862 domesticis
1403 821 1499 872 peri-

173 889 270 927 culis
301 889 550 939 potissimum
584 888 782 928 occideret
815 901 916 938 quae
955 902 1071 938 saepe
1109 887 1355 927 alienissimis
1394 901 1499 937 prae-

173 954 275 993 sidio
308 954 453 993 fuisset.
527 955 631 992 Nam
663 955 770 1004 quod
801 955 852 992 ad
888 960 925 992 te
958 953 1068 1004 pueri
1100 953 1183 992 sine
1216 953 1352 992 litteris
1386 966 1499 991 vene-

171 1028 272 1067 runt,
305 1020 494 1070 quoniam
523 1020 632 1059 vides
659 1034 741 1059 non
768 1020 887 1058 fuisse
921 1019 1164 1058 iracundiam
1194 1031 1364 1066 causam,
1396 1026 1499 1057 certe

172 1085 326 1136 pigritia
346 1085 418 1124 suit
438 1092 476 1124 et
497 1087 692 1135 quaedam
723 1084 877 1123 infinita
895 1084 952 1122 vis
978 1084 1224 1123 lacrimarum
1246 1092 1284 1123 et
1304 1084 1496 1123 dolorum.

174 1152 289 1190 Haec
313 1149 397 1201 ipsa
426 1164 489 1188 me
518 1163 598 1200 quo
627 1151 721 1189 fletu
747 1157 861 1200 putas
889 1149 1117 1199 scripsisse?
1174 1150 1328 1188 Eodem
1356 1162 1436 1198 quo
1462 1155 1499 1186 te
1520 1164 1538 1194 3

174 1216 301 1266 legere
335 1222 442 1253 certo
473 1215 564 1253 scio.
623 1216 689 1252 An
720 1227 794 1263 ego
828 1227 990 1264 possum
1022 1220 1088 1252 aut
1122 1227 1203 1252 non
1235 1213 1404 1263 cogitare
1438 1212 1502 1251 ali-

175 1281 337 1330 quando
366 1280 417 1317 de
446 1286 485 1317 te
513 1285 580 1316 aut
608 1290 799 1328 umquam
832 1278 915 1317 sine
945 1277 1114 1316 lacrimis
1144 1278 1343 1328 cogitare?
1399 1279 1502 1317 Cum

175 1344 284 1383 enim
311 1351 349 1382 te
375 1342 569 1389 desidero,
592 1344 750 1382 fratrem
775 1344 903 1381 solum
927 1342 1143 1382 desidero?
1200 1344 1285 1393 Ego
1305 1356 1397 1381 vero
1422 1356 1505 1380 sua-

175 1410 296 1449 vitate
334 1410 491 1449 fratrem
528 1422 652 1459 prope
685 1409 902 1459 aequalem,
940 1408 1133 1459 obsequio
1167 1408 1301 1456 filium,
1340 1407 1505 1447 consilio

177 1478 390 1525 parentem.
451 1468 561 1520 Quid
591 1469 688 1509 mihi
720 1470 803 1511 sine
837 1478 875 1510 te
908 1484 1099 1521 umquam
1130 1478 1197 1510 aut
1226 1471 1297 1510 tibi
1328 1471 1411 1510 sine
1442 1485 1505 1509 me

177 1538 398 1578 iucundum
434 1537 537 1577 fuit?
611 1537 730 1587 Quid,
771 1539 881 1588 quod
928 1539 1071 1577 eodem
1110 1544 1287 1588 tempore
1324 1536 1506 1576 desidero

179 1604 332 1643 filiam?
364 1616 442 1654 qua
469 1602 626 1653 pietate,
659 1617 737 1653 qua
770 1602 975 1649 modestia,
1008 1616 1088 1653 quo
1118 1602 1301 1653 ingenio!
1341 1601 1507 1651 effigiem

178 1669 267 1716 oris,
309 1668 509 1714 sermonis,
550 1667 672 1706 animi
712 1667 799 1707 mei.
878 1667 987 1717 Quid
1026 1667 1151 1705 filium
1189 1666 1507 1706 venustissimum

179 1734 357 1784 mihique
386 1732 693 1772 dulcissimum?
721 1746 841 1782 quem
870 1746 944 1782 ego
973 1733 1075 1771 ferus
1106 1745 1152 1770 ac
1181 1733 1325 1770 ferreus
1355 1745 1376 1770 e
1405 1744 1509 1769 com-

180 1800 299 1850 plexu
318 1797 449 1837 dimisi
473 1811 573 1844 meo,
597 1796 875 1847 sapientiorem
902 1811 1067 1847 puerum
1088 1810 1207 1846 quarn
1229 1797 1368 1834 vellem
1388 1810 1396 1842 3
1425 1808 1509 1833 sen-

150 1881 161 1887 ·
182 1864 306 1902 tiebat
343 1863 449 1902 enim
483 1862 601 1901 miser
638 1862 716 1900 iam
748 1862 844 1912 quid
877 1869 1063 1912 ageretur.
1126 1861 1234 1910 Quid
1267 1874 1359 1898 vero
1397 1867 1507 1897 tuum

183 1928 319 1974 filium,
350 1927 562 1977 imaginem
592 1934 710 1972 tuam,
746 1940 864 1976 quem
896 1939 1007 1964 meus
1038 1925 1178 1964 Cicero
1211 1932 1250 1963 et
1279 1924 1436 1962 amabat
1467 1931 1509 1961 ut

185 1993 342 2030 fratrem
363 1998 402 2029 et
421 1990 499 2028 iam
520 1997 563 2028 ut
584 1989 772 2028 maiorem
793 1991 949 2027 fratrem
970 1989 1204 2027 verebatur?
1261 1987 1382 2036 Quid,
1402 1988 1510 2037 quod

185 2055 390 2094 mulierem
411 2054 679 2100 miserrimam,
703 2053 972 2092 fidelissimam
998 2052 1218 2102 coniugem,
1242 2065 1305 2090 me
1328 2051 1512 2102 prosequi

186 2135 267 2159 non
292 2133 379 2158 sum
405 2133 553 2170 passus,
576 2126 619 2157 ut
648 2125 750 2157 esset
776 2130 877 2168 quae
901 2118 1081 2167 reliquias
1109 2116 1331 2156 communis
1360 2115 1513 2154 calami-

188 2185 286 2231 tatis,
328 2183 550 2222 communis
593 2183 737 2221 liberos
777 2184 980 2221 tueretur?
1050 2182 1128 2220 Sed
1167 2189 1309 2227 tamen,
1351 2193 1512 2230 quoquo
1531 2197 1551 2226 4

232 2288 252 2316 6
276 2287 308 2317 in
328 2298 363 2317 re
382 2286 428 2318 C:
460 2297 495 2317 re
514 2285 555 2315 M
706 2296 743 2315 12
768 2286 973 2316 iracundiam
999 2295 1131 2314 causam
1148 2283 1267 2315 Lamb.
1286 2295 1291 2314 z
1324 2284 1514 2313 iracundiae

190 2340 288 2361 causa
307 2329 347 2359 M
470 2339 506 2368 15
531 2334 622 2359 certo
639 2332 709 2359 vett.
726 2340 732 2360 ε
757 2334 847 2359 certe
865 2328 906 2358 M
1027 2329 1065 2358 18
1089 2328 1224 2357 fratrem
1242 2338 1349 2366 prope
1366 2327 1513 2357 Ernesti:

189 2384 295 2414 prope
325 2374 458 2403 fratrem
483 2383 588 2413 prope
616 2371 676 2402 M:
715 2382 818 2411 prope
842 2371 995 2402 Petrarck
1023 2371 1097 2412 (Ep.
1127 2374 1198 2409 107)
1362 2381 1403 2399 22
1427 2369 1514 2408 Quid

189 2418 278 2455 quod
295 2415 413 2448 Lamb.
542 2425 581 2454 25
606 2415 695 2453 Quid
713 2426 793 2445 vero
810 2416 898 2454 quod
915 2416 1032 2447 Lamb.
1162 2415 1203 2444 26
1227 2414 1304 2453 quid
1321 2413 1515 2453 ymaginem

191 2470 299 2491 meam
317 2459 359 2490 M
485 2470 583 2499 quem
601 2457 695 2490 Man.
713 2471 719 2491 :
744 2469 841 2499 quam
860 2458 901 2489 M
