1871 2782
390 151 941 191 COMMENTARIOLVM
972 151 1296 190 PETITIONIS
1454 159 1479 187 2
1498 166 1518 199 9

185 261 330 299 siorum
352 262 480 312 capita
495 263 719 309 demebant,
739 264 845 302 Sulla
866 277 988 301 unum
1004 263 1214 302 Catilinam
1235 261 1490 313 praefecerat)
1508 275 1518 309 3

184 326 224 363 in
246 326 388 375 quibus
410 326 473 364 ille
493 327 693 366 hominem
716 327 920 377 optimum,
941 328 989 375 Q.
1014 327 1242 374 Caecilium,
1262 326 1403 365 sororis
1424 339 1518 366 suae

183 389 320 437 virum,
350 391 523 440 equitem
549 393 788 438 Romanum,
814 393 1008 429 nullarum
1038 391 1218 441 partium,
1248 405 1338 430 cum
1363 405 1518 441 semper

184 463 321 493 natura
342 464 425 493 turn
447 456 564 494 etiarn
584 464 712 494 aetate
732 456 809 493 iam
831 455 1018 505 quietum,
1043 457 1121 495 suis
1143 456 1325 495 manibus
1346 456 1501 495 occidit.

145 526 164 558 5
240 519 348 568 Quid
363 533 434 570 ego
449 533 553 558 nunc
567 519 696 558 dicam
710 527 843 569 petere
857 534 947 558 eum
961 521 1298 570 consulatum,qui
1312 520 1514 559 hominem

184 583 427 622 carissimum
445 586 593 634 populo
610 586 806 631 Romano,
824 586 879 622 M.
900 584 1081 631 Marium,
1101 584 1346 634 inspectante
1366 586 1516 634 populo

186 649 371 686 Romano
392 648 535 686 vitibus
551 662 619 698 per
639 656 762 687 totam
776 649 913 687 urbem
931 648 1124 696 ceciderit,
1140 650 1191 687 ad
1208 649 1367 687 bustum
1384 649 1516 699 egerit,

185 711 240 750 ibi
275 713 383 750 ornni
417 713 590 751 cruciatu
620 713 806 759 lacerarit,
842 713 930 751 vivo
965 713 1082 751 stanti
1112 715 1257 752 collum
1287 712 1418 763 gladio
1448 726 1518 751 sua

187 777 345 815 dextera
366 777 542 824 secuerit,
565 791 655 815 cum
677 777 830 815 sinistra
851 777 1036 827 capillum
1051 777 1132 816 eius
1153 791 1176 816 a
1196 777 1340 816 vertice
1354 784 1514 824 teneret,

130 858 169 879 10
188 849 305 890 caput
326 855 396 880 sua
416 856 534 880 manu
555 842 695 889 tulerit,
717 856 808 880 cum
838 842 938 880 inter
966 842 1107 892 digitos
1128 842 1210 881 eius
1230 841 1299 880 rivi
1317 841 1517 892 sanguinis

187 907 381 945 fluerent?
428 906 494 956 qui
515 914 653 956 postea
672 920 763 945 curn
790 906 1045 945 histrionibus
1067 915 1104 945 et
1124 920 1214 945 cum
1235 906 1516 957 gladiatoribus

186 970 238 1008 ita
281 970 374 1009 vixit
414 978 458 1009 ut
497 973 639 1009 alteros
679 970 864 1018 libidinis,
911 973 1052 1010 alteros
1093 971 1274 1010 facinoris
1317 970 1517 1009 adiutores

184 1036 358 1082 haberet,
376 1035 443 1085 qui
460 1037 610 1074 nullum
631 1036 817 1074 inlocum
838 1044 917 1075 tarn
939 1044 1117 1075 sanctum
1131 1050 1176 1074 ac
1193 1043 1272 1074 tam
1293 1034 1516 1086 religiosum

183 1102 347 1140 accessit
377 1102 416 1140 in
444 1116 524 1152 quo
552 1117 646 1150 non,
671 1103 786 1141 etiarn
819 1102 850 1140 si
879 1101 963 1141 aliis
994 1103 1110 1151 culpa
1139 1114 1219 1139 non
1249 1107 1361 1147 esset,
1384 1107 1516 1138 tamen

127 1176 163 1207 15
185 1179 231 1204 ex
261 1180 331 1204 sua
364 1166 539 1216 nequitia
569 1167 775 1205 dedecoris
804 1166 1069 1216 suspicionem
1099 1165 1344 1214 relinqueret,
1376 1164 1443 1214 qui
1471 1178 1517 1202 ex

183 1229 289 1268 curia
321 1231 461 1269 Curios
495 1238 534 1269 et
566 1231 731 1278 Annios,
764 1232 815 1268 ab
844 1229 948 1268 atriis
979 1231 1139 1279 Sapalas
1169 1236 1206 1267 et
1236 1228 1437 1275 CarviliOS,
1469 1242 1517 1267 ex

183 1295 353 1344 equestri
374 1295 512 1333 ordine
536 1295 752 1345 Pompilios
782 1303 820 1333 et
846 1294 1000 1333 Vettios
1028 1293 1101 1332 sibi
1127 1293 1384 1332 amicissimos
1411 1307 1516 1332 com-

182 1358 341 1407 paravit,
363 1358 431 1408 qui
447 1366 601 1397 tantum
615 1360 734 1397 habet
754 1358 954 1405 audaciae,
970 1365 1123 1396 tantum
1137 1357 1344 1407 nequitiae,
1361 1365 1514 1396 tantum

182 1423 354 1472 denique
367 1423 407 1461 in
427 1423 591 1462 libidine
611 1423 702 1462 artis
719 1431 756 1462 et
777 1422 1027 1470 efficacitatis,
1043 1430 1085 1460 ut
1104 1436 1227 1472 prope
1247 1422 1286 1460 in
1307 1430 1514 1472 parentum

125 1504 166 1526 20
183 1488 337 1539 gremiis
362 1496 623 1538 praetextatos
649 1488 792 1526 liberos
823 1487 1111 1538 constuprarit?
1168 1486 1276 1536 Quid
1306 1500 1379 1537 ego
1408 1501 1514 1526 nunc

183 1553 254 1592 tibi
277 1555 326 1592 de
346 1553 489 1600 Africa,
514 1553 610 1603 quid
637 1555 687 1592 de
717 1553 876 1592 testium
903 1553 1017 1591 dictis
1039 1553 1236 1591 scribam?
1283 1554 1390 1591 Nota
1410 1560 1512 1599 sunt,

183 1625 220 1656 et
250 1631 295 1656 ea
324 1626 365 1656 tu
395 1618 549 1668 saepius
573 1618 691 1667 legito
707 1633 716 1666 3
760 1619 829 1656 sed
859 1625 991 1656 tamen
1018 1619 1095 1655 hoc
1122 1617 1218 1654 mibi
1244 1630 1325 1655 non
1349 1625 1514 1667 praeter-

183 1682 420 1721 mittendum
446 1683 600 1722 videtur
628 1684 737 1733 quod
766 1683 936 1733 primum
966 1697 1012 1721 ex
1041 1696 1089 1721 eo
1112 1681 1259 1720 iudicio
1285 1689 1365 1720 tani
1395 1695 1513 1731 egens

182 1747 360 1786 discessit
389 1762 508 1798 quarn
538 1748 700 1798 quidam
729 1747 878 1787 iudices
908 1747 991 1786 eius
1024 1754 1115 1785 ante
1144 1746 1241 1784 illud
1269 1746 1309 1783 in
1339 1759 1429 1784 eum
1460 1745 1513 1783 iu-

126 1828 163 1860 25
184 1811 330 1850 dicium
361 1814 528 1859 fuerunt,
568 1812 714 1851 deinde
751 1820 832 1850 tam
870 1812 1086 1851 invidiosus
1123 1818 1166 1849 ut
1203 1810 1310 1849 aliud
1342 1810 1382 1848 in
1421 1823 1512 1848 eum

183 1875 372 1914 iudicium
411 1877 555 1915 cotidie
593 1876 795 1926 flagitetur.
855 1876 937 1914 Hic
975 1890 1016 1914 se
1056 1875 1111 1913 sic
1153 1875 1272 1913 habet
1309 1881 1352 1912 ut
1390 1874 1512 1924 magis

229 1989 242 2008 1
270 1978 488 2009 demetebant
512 1979 589 2009 coni.
612 1979 738 2017 Gesner,
756 1979 838 2018 fort.
861 1982 937 2009 recte
1069 1989 1088 2008 2
1113 1979 1282 2008 hominem
1306 1988 1407 2008 unum
1428 1979 1512 2017 opti-

182 2032 271 2052 mum
289 2022 360 2052 dett.
474 2023 494 2051 8
518 2022 594 2052 vivo
612 2023 715 2052 stanti
733 2022 807 2059 FH,
826 2023 862 2061 cf.
882 2022 992 2052 Plaut.
1014 2021 1107 2052 Merc.
1124 2023 1188 2059 308
1205 2032 1225 2051 a
1242 2020 1379 2051 Mzillcro
1396 2021 1511 2052 lauda-

183 2069 278 2095 tum:
308 2065 364 2095 vix
388 2065 532 2096 obstanti
551 2065 727 2095 Bdhrcns:
751 2066 826 2095 vivo
849 2065 991 2104 spiranti
1017 2065 1094 2096 coni.
1120 2064 1308 2095 Puteanus:
1333 2065 1414 2104 sort.
1434 2065 1511 2096 vivo

183 2109 349 2148 spectanti
374 2109 411 2147 cf.
431 2109 512 2139 Sest.
540 2118 592 2147 59,
609 2110 669 2138 elsi
689 2109 839 2138 usitatior
854 2109 988 2148 phrasis
1014 2112 1021 2125 ‘
1035 2109 1128 2138 vivus
1151 2108 1341 2147 vidensque}
1360 2109 1395 2147 ‘f
1424 2108 1508 2141 Otto,

185 2152 264 2181 ⁴D1'e
286 2151 517 2190 Spm'clzwiirlcr
537 2152 592 2181 der
615 2151 759 2184 Riimcr.’
778 2157 811 2191 j).
838 2162 899 2190 377
1060 2162 1094 2181 11
1123 2152 1261 2181 allermn
1290 2162 1362 2181 cum
1388 2162 1451 2182 om.
1475 2151 1516 2181 H

187 2205 223 2233 14
247 2195 322 2225 aliis
346 2195 456 2225 codsa:
492 2196 525 2224 in
552 2195 626 2225 aliis
649 2196 799 2225 Ernesli:
833 2206 875 2225 ex
899 2194 973 2225 aliis
997 2195 1143 2234 Kayser:
1176 2196 1216 2225 ab
1240 2195 1314 2225 aliis
1339 2194 1511 2225 Bc'ilnens:

182 2238 268 2268 alius
282 2239 392 2278 (genz't.
409 2242 491 2269 nent.
503 2243 509 2265 ἰ
526 2238 628 2268 Orelli
642 2250 647 2268 :
664 2239 728 2268 alia
745 2239 872 2278 Tyrrell.
890 2239 955 2268 coll.
976 2238 1067 2269 Orat.
1085 2239 1117 2268 in
1136 2238 1224 2277 Toga
1239 2237 1341 2268 Cand.
1352 2243 1384 2277 p.
1399 2248 1452 2277 92.
1474 2248 1510 2276 14

185 2281 242 2319 (ed.
264 2281 376 2320 Orelli)
492 2292 528 2320 17
553 2282 685 2312 Vettios
704 2282 819 2312 Lamb.
839 2293 845 2311 :
869 2282 982 2311 vittias
998 2282 1055 2311 H:
1081 2282 1178 2312 vitias
1195 2281 1229 2310 F
1335 2291 1376 2311 22
1401 2281 1511 2320 legisti

181 2324 271 2354 Koch
433 2335 474 2363 24
499 2325 532 2354 in
558 2335 634 2355 eum
661 2333 782 2354 tmeum
800 2324 852 2362 H)
878 2325 1034 2354 iudicium
1060 2323 1144 2354 FH:
1177 2324 1244 2355 secl.
1272 2325 1446 2355 Biiclzeler:
1477 2325 1510 2355 in

182 2367 502 2441 εἷὲῐτὲωἶέσῐηεωῃ)
532 2378 596 2399 om.
625 2367 696 2400 dett.
797 2377 837 2407 25
863 2367 998 2398 fuerunt
1021 2367 1117 2398 dem:
1157 2378 1222 2398 om.
1253 2367 1338 2399 FH:
1378 2368 1512 2398 fuerant

347 2434 367 2451 ὁ

1385 2465 1425 2495 6*

1539 555 1577 578 10
