1871 2782
620 190 732 228 EPP.
764 191 842 228 AD
874 191 1109 228 BRVTVM
1481 193 1512 230 Ι.
1529 202 1561 229 v

197 301 248 340 de
268 315 308 340 re
328 301 463 352 scripsi
482 303 534 340 ad
560 315 661 349 eum,
685 309 727 340 ut
757 309 825 341 tuo
854 302 1000 341 iudicio
1027 310 1198 342 uteretur
1218 303 1317 342 sicut
1338 303 1377 342 in
1407 303 1522 342 rebus

197 366 406 415 omnibus,·
453 366 524 405 tibi
574 374 707 405 autem
755 368 1008 405 statuendum
1050 376 1107 406 est
1151 369 1202 406 de
1242 368 1431 415 Domitio,
1471 369 1522 407 de

198 431 351 470 Catone
389 439 533 470 nostro.
610 432 689 469 Sed
736 430 914 480 quamvis
962 431 1075 469 liceat
1119 428 1292 470 absentis
1331 432 1522 470 rationem

199 495 344 542 haberi,
367 504 499 534 tamen
519 495 653 534 omnia
681 503 772 533 sunt
801 496 1071 546 praesentibus
1098 496 1279 534 faciliora.
1340 498 1461 546 Quod
1491 496 1523 534 si

159 576 177 608 5
198 560 375 598 statueris
396 560 435 598 in
455 560 591 599 Asiam
612 559 682 599 tibi
703 562 890 607 eundum,
913 562 1020 599 nulla
1039 561 1110 599 erit
1129 562 1179 600 ad
1196 561 1355 599 comitia
1370 568 1523 600 nostros

196 625 423 663 accersendi
443 626 615 663 facultas.

251 690 427 728 Omnino
449 692 577 728 Pansa
596 690 685 729 vivo
705 691 890 730 celeriora
916 690 1050 729 omnia
1075 691 1321 741 putabamus.
1382 690 1519 729 Statim
1538 700 1564 736 4

197 754 302 792 enim
336 756 539 805 conlegam
579 755 653 794 sibi
692 756 988 806 subrogavisset,
1024 756 1170 795 deinde
1207 763 1298 794 ante
1332 754 1525 806 praetoria

198 821 446 858 sacerdotum
481 820 641 858 comitia
674 821 847 859 fuissent.
907 823 1025 860 Nunc
1059 834 1127 871 per
1160 821 1333 871 auspicia
1366 822 1523 870 longam

141 898 180 921 ιο
198 897 348 922 moram
369 884 495 923 video.
557 887 663 923 Dum
691 886 796 933 enim
825 899 926 924 unus
954 886 1024 924 erit
1053 885 1236 936 patricius
1267 885 1522 935 magistratus,

197 948 372 999 auspicia
391 950 440 987 ad
462 958 589 999 patres
610 950 734 989 redire
761 965 841 989 non
862 958 1037 1001 possunt.
1098 951 1245 1000 Magna
1264 963 1357 988 sane
1381 958 1526 1000 pertur-

198 1013 315 1052 batio.
376 1015 438 1052 Tu
459 1022 541 1053 tota
556 1016 605 1054 de
621 1029 661 1054 re
677 1015 773 1066 quid
793 1015 936 1054 sentias
952 1015 1068 1054 velim
1090 1028 1153 1053 me
1173 1014 1290 1053 facias
1307 1015 1522 1054 certiorem.

198 1090 245 1116 111
267 1079 406 1118 Nonas
426 1079 563 1118 Maias.

240 1224 307 1259 VI
530 1228 599 1260 Scr.
621 1228 747 1259 Romae
761 1229 817 1259 xiv
832 1228 876 1259 K.
895 1227 970 1258 Iun.
985 1238 1014 1259 a.
1036 1237 1090 1267 711
1106 1227 1188 1270 (45).

140 1317 177 1352 15
584 1305 766 1336 BRVTVS
791 1303 1017 1335 CICERONI
1044 1303 1140 1335 SAL.

252 1382 346 1421 Noli
366 1390 589 1434 exspectare
610 1384 706 1422 dum
735 1383 806 1422 tibi
825 1382 965 1433 gratias
985 1395 1110 1432 agam.
1171 1383 1256 1420 Iam
1277 1380 1428 1432 pridem
1449 1382 1525 1420 hoc
1546 1391 1561 1417 1

199 1462 247 1486 ex
278 1456 411 1487 nostra
442 1448 733 1487 necessitudine
764 1461 866 1498 quae
896 1449 947 1486 ad
982 1460 1178 1485 summam
1208 1446 1524 1485 benevolentiam

198 1513 374 1563 pervenit
404 1515 601 1553 sublatum
632 1527 716 1552 esse
745 1513 874 1552 debet.
936 1512 1055 1550 Filius
1082 1519 1171 1550 tuus
1191 1525 1215 1550 a
1234 1525 1298 1550 me
1321 1512 1432 1549 abest
1446 1525 1456 1558 ,·
1486 1510 1524 1548 in

201 1578 440 1617 Macedonia
481 1578 789 1630 congrediemur.
868 1580 1003 1616 Iussus
1053 1584 1111 1616 est
1160 1576 1265 1615 enim
1315 1575 1527 1614 Ambracia

141 1659 181 1682 20
200 1644 343 1682 ducere
372 1644 523 1694 equites
554 1658 623 1694 per
654 1643 910 1682 Thessaliam.
970 1642 1114 1693 Scripsi
1146 1643 1197 1681 ad
1229 1655 1319 1680 eum
1354 1649 1396 1679 ut
1430 1640 1526 1678 mihi

200 1710 437 1748 Heracleam
468 1717 696 1748 occurreret.
757 1710 860 1748 Cum
890 1722 981 1747 eum
1010 1707 1156 1754 videro,
1190 1706 1378 1757 quoniam
1410 1705 1524 1743 nobis

197 1774 400 1824 permittis,
440 1774 702 1813 communiter
755 1774 1040 1813 constituemus
1087 1774 1138 1811 de
1181 1771 1307 1810 reditu
1352 1770 1434 1809 eius
1472 1771 1523 1808 ad

197 1839 427 1889 petitionem
458 1847 525 1878 aut
558 1839 947 1878 commendationem
980 1837 1151 1876 honoris.
1210 1835 1302 1874 Tibi
1333 1836 1520 1884 Glycona,
1541 1845 1565 1873 2

198 1905 397 1943 medicum
438 1907 599 1952 Pansae,
636 1904 703 1954 qui
734 1918 905 1942 sororem
941 1903 1140 1941 Achilleos
1172 1900 1293 1940 nostri
1327 1900 1367 1937 in
1398 1899 1524 1937 matri-

140 1984 178 2015 ²5
199 1970 335 2008 monio
371 1970 501 2016 habet,
543 1968 838 2019 diligentissime
877 1969 1126 2007 commendo.
1197 1965 1393 2004 Audimus
1433 1977 1523 2002 eum

197 2035 351 2074 venisse
382 2035 422 2073 in
455 2034 719 2085 suspicionem
749 2036 952 2083 Torquato
984 2034 1034 2071 de
1066 2039 1190 2070 morte
1223 2033 1373 2068 Pansae
1399 2036 1526 2067 custo-

197 2100 350 2150 dirique
377 2107 418 2137 ut
448 2099 690 2149 parricidam.
751 2098 861 2136 Nihil
891 2098 1020 2135 minus
1055 2097 1297 2135 credendum
1327 2101 1409 2141 est3
1437 2092 1524 2142 quis

198 2165 303 2204 enim
330 2164 518 2202 maiorem
549 2163 809 2202 calamitatem
845 2170 969 2201 morte
1005 2164 1154 2200 Pansae
1178 2159 1358 2210 accepit?
1415 2160 1525 2196 Prae-

198 2238 303 2269 terea
323 2237 380 2268 est
405 2230 607 2267 modestus
632 2230 754 2266 homo
781 2235 819 2266 et
846 2227 943 2277 frugi
971 2240 1089 2276 quem
1114 2239 1164 2264 ne
1194 2225 1338 2263 utilitas
1363 2222 1524 2273 quidem

139 2306 181 2339 30
198 2294 375 2333 videatur
404 2293 618 2344 impulsura
647 2293 765 2331 fuisse
788 2293 839 2331 ad
871 2292 1031 2330 facinus
1092 2292 1207 2340 Rogo
1235 2297 1272 2328 te
1299 2296 1336 2327 et
1363 2287 1522 2338 quidem

242 2408 261 2428 2
286 2402 396 2428 autem
415 2397 501 2427 idern
520 2397 733 2428 statuendum
750 2395 872 2427 Schelle
1012 2405 1053 2425 20
1078 2393 1203 2433 Scripsi
1224 2391 1310 2423 Crat.
1330 2393 1355 2423 Σ
1373 2390 1424 2432 (cfl
1443 2389 1523 2421 Leh-

199 2451 304 2470 mann
322 2441 424 2471 ‘Am’
437 2446 472 2481 p.
495 2442 590 2481 179):
619 2440 661 2471 Et
678 2440 799 2480 scripsi
818 2439 858 2469 M
871 2439 957 2479 vulg.

240 2504 304 2525 erc.
322 2504 370 2525 AD
388 2504 488 2526 BRVT.
1417 2490 1439 2520 8
