1871 2782
450 169 562 208 EPP.
594 170 672 206 AD
703 169 971 217 QVINTVM
1003 171 1277 208 FRATREM
1482 170 1546 211 Li

196 281 420 333 desiderat),
444 283 513 321 sed
534 295 596 320 me
617 281 656 319 in
677 280 887 320 scribendo
911 282 1235 321 commemoratio
1262 290 1351 321 tuae
1371 283 1521 322 virtutis

194 347 428 394 delectavit;
468 360 707 397 quamquam
734 346 774 384 in
801 346 861 384 his
886 346 1021 385 litteris
1049 347 1200 397 longior
1228 347 1282 386 sui
1309 362 1427 399 quarn
1455 356 1522 387 aut

195 413 337 450 vellem
357 419 424 450 aut
445 425 562 461 quam
584 425 646 450 me
667 410 799 461 putavi
820 412 911 450 fore.

250 477 388 515 Unum
415 484 473 515 est
503 476 610 526 quod
637 475 707 514 tibi
730 488 804 525 ego
830 475 1052 526 praecipere
1077 490 1157 515 non
1187 477 1364 516 desinam
1393 491 1522 528 neque

158 548 235 588 5te
272 541 405 592 patiar,
444 548 635 591 quantum
674 540 745 579 erit
782 540 823 578 in
862 554 935 588 me,
970 555 1060 579 cum
1092 542 1322 592 exceptione
1361 542 1519 581 laudari.

196 607 347 645 Omnes
367 606 472 645 enim
493 605 559 656 qui
580 606 694 645 istinc
714 605 876 644 veniunt
896 605 950 644 ita
969 607 1019 644 de
1040 614 1106 644 tua
1125 606 1275 653 virtute,
1292 607 1519 657 integritate,

196 671 440 710 humanitate
468 678 781 709 commemorant
810 678 853 709 ut
883 670 922 708 in
953 670 1028 708 tuis
1059 671 1221 709 summis
1251 671 1434 710 laudibus
1462 686 1523 710 ex-

197 735 343 784 cipiant
363 749 481 773 unam
509 735 752 773 iracundiam
768 749 778 782 3
819 737 928 785 quod
952 735 1089 773 vitium
1110 750 1200 774 cum
1221 735 1261 774 in
1282 737 1355 774 hac
1374 735 1522 786 privata

197 799 473 850 cotidianaque
492 800 570 838 vita
590 799 685 837 levis
705 814 790 838 esse
810 800 931 838 animi
951 808 1069 850 atque
1090 800 1231 838 infirmi
1251 800 1415 848 videtur,
1437 808 1521 839 tum

139 876 178 898 10
196 877 288 902 vero
318 864 415 902 nihil
449 872 508 902 est
542 872 621 901 tam
651 865 827 902 deforme
857 878 976 914 quam
1005 866 1056 903 ad
1086 879 1284 903 summum
1314 864 1520 915 imperium

196 928 314 966 etiam
346 928 600 967 acerbitatem
638 936 798 967 naturae
831 929 1054 979 adiungere.
1116 931 1206 986 Qua
1236 944 1276 968 re
1307 929 1403 968 illud
1440 943 1521 968 non

195 992 406 1042 suscipiam
440 1000 482 1030 ut
515 1006 616 1042 quae
647 994 697 1031 de
731 992 932 1032 iracundia
963 994 1041 1033 dici
1073 996 1200 1033 solent
1232 1008 1254 1032 a
1287 993 1523 1033 doctissimis

196 1057 424 1096 hominibus
458 1071 504 1096 ea
540 1071 648 1096 nunc
686 1058 756 1096 tibi
794 1072 1000 1109 exponam,
1038 1073 1127 1098 cum
1167 1067 1205 1098 et
1236 1059 1352 1097 nimis
1383 1061 1522 1109 longus

195 1136 282 1162 esse
317 1122 442 1161 nolim
480 1129 519 1160 et
555 1135 604 1161 ex
640 1124 853 1162 multorum
892 1123 1044 1173 scriptis
1082 1138 1128 1162 ea
1161 1124 1273 1163 facile
1304 1124 1429 1174 possis
1459 1137 1522 1162 co-

137 1198 174 1230 15
194 1201 382 1238 gnoscere
395 1200 408 1236 3
452 1185 561 1234 illud,
601 1188 710 1236 quod
748 1195 806 1226 est
843 1188 1033 1238 epistulae
1070 1188 1280 1238 proprium,
1322 1196 1364 1226 ut
1401 1188 1433 1227 is
1470 1189 1522 1227 ad

195 1267 314 1304 quem
361 1251 542 1291 scribitur
587 1252 638 1290 de
685 1251 731 1290 iis
771 1252 886 1290 rebus
930 1266 1027 1303 quas
1069 1253 1222 1303 ignorat
1263 1253 1402 1292 certior
1441 1254 1518 1300 fiat,

1541 461 1557 487 1

1542 519 1559 548 3

1561 459 1585 496 3

193 1317 587 1369 praetermittendum
615 1330 700 1355 esse
729 1331 810 1356 non
840 1325 947 1367 puto.
1007 1318 1070 1357 Sic
1099 1320 1150 1357 ad
1179 1332 1252 1357 nos
1279 1332 1416 1357 omnes
1442 1320 1521 1357 fere
1542 1322 1581 1361 38

194 1384 374 1425 deferunt
397 1381 507 1430 nihil,
539 1396 630 1420 cum
656 1382 759 1421 absit
787 1382 998 1430 iracundia,
1028 1381 1174 1436 [dicere
1201 1381 1345 1436 solent]
1374 1390 1411 1422 te
1440 1383 1522 1422 fieri

194 1462 310 1499 posse
329 1446 550 1494 iucundius,
574 1448 654 1494 sed,
678 1461 769 1485 curn
790 1454 828 1486 te
847 1447 1010 1486 alicuius
1031 1447 1260 1498 improbitas
1280 1447 1522 1498 perversitas-

134 1528 176 1551 20
195 1527 272 1564 que
302 1512 559 1552 commoverit
587 1512 642 1551 sic
671 1520 711 1551 te
744 1512 877 1552 animo
908 1512 1059 1551 incitari
1088 1521 1131 1551 ut
1160 1514 1211 1552 ab
1241 1513 1425 1552 omnibus
1455 1520 1522 1551 tua

194 1578 439 1617 desideretur
463 1577 697 1617 humanitas.
759 1578 850 1626 Qua
869 1591 909 1616 re
930 1577 1118 1627 quoniam
1148 1578 1188 1616 in
1213 1591 1298 1616 eam
1328 1577 1519 1616 rationem

193 1643 295 1682 vitae
315 1656 388 1681 nos
408 1656 490 1681 non
509 1649 591 1681 tarn
610 1642 804 1693 cupiditas
832 1644 1027 1692 quaedam
1054 1642 1198 1693 gloriae
1219 1656 1337 1693 quarn
1357 1656 1417 1681 res
1438 1642 1520 1693 ipsa

193 1722 239 1746 ac
276 1709 432 1747 fortuna
469 1707 643 1755 deduxit,
684 1715 727 1746 ut
760 1707 1020 1758 sempiternus
1059 1721 1187 1746 sermo
1225 1707 1430 1746 hominum
1469 1708 1520 1745 de

193 1772 310 1812 nobis
337 1774 489 1811 futurus
519 1772 578 1819 sit,
609 1785 828 1818 caveamus,
860 1779 1053 1822 quantum
1082 1773 1234 1811 efficere
1263 1779 1301 1811 et
1331 1770 1519 1821 consequi

135 1855 150 1876 2
157 1853 174 1885 5
192 1850 413 1889 possumus,
430 1843 475 1877 ut
490 1850 541 1876 ne
562 1838 670 1886 quod
691 1836 731 1874 in
751 1836 867 1875 nobis
887 1836 1039 1887 insigne
1059 1836 1196 1875 vitium
1217 1836 1335 1875 fuisse
1355 1836 1516 1874 dicatur.

193 1904 336 1952 Neque
354 1915 429 1952 ego
447 1915 554 1939 nunc
580 1903 657 1939 hoc
683 1903 894 1949 contendo,
918 1902 1026 1951 quod
1051 1903 1212 1940 fortasse
1238 1914 1328 1939 curn
1349 1900 1388 1938 in
1408 1900 1519 1940 omni

191 1974 330 2005 natura
349 1974 433 2004 tum
453 1965 530 2003 iam
551 1965 592 2003 in
612 1973 744 2003 nostra
756 1973 882 2004 aetate
903 1965 1059 2004 difficile
1079 1973 1147 2012 est,
1171 1972 1320 2004 mutare
1340 1964 1516 2003 animum

192 2038 231 2069 et
260 2030 291 2069 si
320 2030 416 2080 quid
446 2037 504 2067 est
531 2029 687 2079 penitus
716 2029 877 2067 insitum
907 2029 1080 2068 moribus
1110 2029 1150 2068 id
1180 2029 1310 2068 subito
1339 2030 1512 2076 evellere,

193 2095 263 2134 sed
302 2101 339 2133 te
370 2094 467 2132 illud
497 2095 696 2133 admoneo
726 2102 778 2141 ut,
812 2094 843 2132 si
875 2095 950 2132 hoc
981 2096 1096 2144 plene
1130 2094 1250 2132 vitare
1281 2107 1361 2132 non
1391 2101 1513 2143 potes,

133 2176 176 2208 30
194 2161 303 2210 quod
329 2167 420 2198 ante
444 2167 658 2210 occupatur
686 2159 840 2198 animus
869 2160 920 2198 ab
941 2159 1142 2198 iracundia
1165 2173 1284 2209 quarn
1313 2158 1517 2209 providere

192 2224 290 2264 ratio
310 2224 437 2275 potuit
466 2238 516 2262 ne
537 2233 802 2275 occuparetur,
825 2232 868 2263 ut
894 2231 932 2263 te
955 2231 1045 2262 ante
1069 2237 1272 2274 compares
1293 2223 1517 2273 cotidieque

236 2338 255 2367 5
273 2327 400 2358 laudari
415 2332 484 2359 vett.
497 2339 504 2358 ε
521 2339 593 2359 —are
605 2328 648 2358 M
759 2330 797 2359 18
814 2329 927 2359 dicere
940 2327 1050 2359 solent
1060 2327 1222 2367 secl.vulg.
1234 2331 1271 2357 ut
1281 2327 1392 2358 exdici
1406 2326 1516 2358 solen-t

195 2371 228 2408 (l.
252 2374 303 2411 12)
330 2375 419 2402 orla:
445 2372 525 2411 sort.
558 2373 618 2409 (ita
644 2372 756 2402 dicere
780 2372 916 2413 solent),
944 2377 1057 2412 nempe
1079 2371 1156 2412 ipsis
1179 2371 1280 2402 verbis
1306 2370 1514 2402 ‘iracundia’

193 2416 200 2431 ‘
213 2414 388 2446 iucundius
398 2414 406 2427 ’
419 2416 630 2456 provinciales
645 2416 820 2446 utebamur
