1871 2782
635 193 748 230 ΕΡΡ.
779 193 858 230 ΑΙ)
889 193 1125 230 BRVTVM
1497 194 1550 231 II.
1567 203 1598 230 v

215 315 369 353 semper
407 304 546 342 eadem
586 303 657 342 fuit
691 317 792 353 quae
826 311 902 352 tua,
938 304 1035 342 ratio
1069 304 1306 354 quibusdam
1345 304 1385 342 in
1423 305 1538 344 rebus

216 370 312 417 (non
334 367 438 405 enim
460 367 661 418 omnibus)
683 369 800 418 paulo
821 369 981 406 sortasse
1001 369 1280 407 vehementior.
1340 368 1422 408 Scis
1444 368 1539 407 mihi

212 445 368 482 semper
400 432 592 483 placuisse
623 446 703 471 non
735 446 824 483 rege
857 434 985 471 solum
1017 434 1087 471 sed
1121 446 1240 483 regno
1273 433 1424 472 liberari
1457 446 1537 471 rem

214 497 439 546 publicam3
468 505 509 536 tu
530 497 655 535 lenius
676 497 885 536 immortali
905 498 1069 537 omnino
1090 511 1180 537 cum
1204 506 1272 537 tua
1298 501 1439 547 laude3
1467 499 1537 537 sed

175 575 191 605 5
214 561 310 610 quid
332 561 470 600 melius
492 561 605 600 fuerit
632 575 775 611 magno
801 563 937 600 dolore
963 562 1167 609 sensimus,
1191 576 1334 612 magno
1364 563 1536 613 periculo

213 625 413 663 sentimus.
474 626 641 664 Recenti
670 626 736 664 illo
767 634 942 676 tempore
968 634 1009 664 tu
1037 626 1170 664 omnia
1193 628 1243 665 ad
1271 640 1408 677 pacem
1437 640 1537 677 quae

213 689 389 728 oratione
409 690 552 728 confici
572 704 652 729 non
680 698 842 740 poterat,
864 704 937 741 ego
961 691 1095 729 omnia
1119 693 1170 730 ad
1197 691 1414 730 libertatem
1437 704 1537 741 quae

213 754 296 791 sine
317 767 413 803 pace
434 757 540 792 nulla
563 763 631 793 est.
691 757 834 793 Pacem
865 755 989 805 ipsam
1016 756 1120 794 bello
1147 764 1265 806 atque
1294 756 1410 794 armis
1437 755 1536 794 effici

213 830 328 867 posse
361 818 584 856 arbitrabar.
644 819 782 858 Studia
819 832 900 857 non
932 821 1093 858 deerant
1126 833 1233 858 arma
1265 819 1512 870 poscentium
1528 834 1538 867 3

156 895 194 916 10
213 894 380 930 quorum
428 882 680 931 repressimus
727 883 918 933 impetum
972 885 1230 933 ardoremque
1277 883 1533 922 restinximus.

215 946 354 994 Itaque
375 959 433 983 res
455 945 494 983 in
516 960 605 984 eum
633 949 765 985 locum
785 955 943 986 venerat
969 956 1022 995 ut,
1045 948 1118 986 nisi
1139 948 1297 987 Caesari
1318 948 1536 987 Octaviano
1555 962 1579 989 2

213 1010 310 1048 deus
332 1009 493 1059 quidam
514 1010 617 1048 illam
641 1020 813 1050 mentem
835 1012 1020 1059 dedisset,
1042 1012 1082 1050 in
1103 1020 1338 1062 potestatem
1362 1012 1538 1062 perditis-

213 1074 300 1112 simi
333 1075 504 1114 hominis
538 1084 575 1114 et
614 1076 825 1126 turpissimi
858 1079 914 1115 M.
946 1076 1096 1115 Antoni
1134 1077 1374 1115 veniendum
1412 1077 1535 1123 fuerit,

215 1152 387 1188 quocum
408 1140 517 1178 vides
545 1142 621 1179 hoc
647 1148 824 1191 tempore
854 1141 939 1191 ipso
960 1143 1068 1191 quod
1095 1141 1142 1179 sit
1163 1149 1435 1191 quantumque
1462 1154 1539 1179 cer-

155 1217 191 1248 15
217 1212 358 1242 tamen.
419 1205 468 1243 Id
505 1206 681 1254 profecto
720 1207 871 1243 nullum
910 1213 1022 1252 esset,
1055 1205 1130 1243 nisi
1167 1213 1251 1243 tum
1286 1212 1536 1243 conservatus

212 1276 314 1307 esset
348 1269 556 1307 Antonius.
616 1271 693 1308 Sed
732 1271 829 1307 haec
860 1270 1024 1317 omitt03
1064 1283 1123 1307 res
1162 1270 1267 1308 enim
1298 1283 1321 1307 a
1355 1276 1393 1308 te
1429 1277 1538 1319 gesta

213 1333 477 1372 memorabilis
494 1341 531 1371 et
547 1347 672 1383 paene
688 1333 865 1372 caelestis
885 1333 1035 1383 repellit
1051 1333 1179 1372 omnis
1200 1333 1535 1383 reprehensiones,

212 1398 359 1448 quippe
390 1411 490 1448 quae
521 1412 571 1437 ne
605 1399 721 1437 laude
752 1398 914 1448 quidem
948 1398 1040 1437 satis
1078 1398 1223 1437 idonea
1255 1397 1372 1437 adfici
1403 1397 1536 1448 possit.

214 1462 403 1501 Exstitisti
435 1476 560 1513 nuper
593 1464 703 1501 vultu
737 1476 871 1501 severo
886 1478 897 1511 3
938 1463 1161 1511 exercitum,
1192 1463 1336 1512 copias,
1367 1463 1540 1512 legiones

153 1542 194 1564 20
213 1528 376 1567 idoneas
396 1520 522 1579 perte
548 1528 655 1567 brevi
686 1535 862 1578 tempore
889 1528 1134 1578 comparasti.
1195 1528 1248 1566 Di
1277 1527 1540 1566 immortales!

213 1593 280 1644 qui
313 1593 377 1632 ille
411 1593 582 1640 nuntius,
612 1607 713 1643 quae
746 1593 835 1632 illae
868 1593 1028 1641 litterae,
1057 1607 1158 1644 quae
1190 1592 1337 1631 laetitia
1370 1600 1538 1639 senatus,

213 1671 314 1708 quae
345 1658 521 1696 alacritas
556 1658 722 1697 civitatis
752 1661 859 1697 erat!
899 1658 997 1696 nihil
1023 1671 1212 1708 umquam
1241 1657 1322 1696 vidi
1351 1664 1431 1696 tam
1461 1669 1541 1694 om-

212 1722 322 1761 nium
344 1722 605 1761 consensione
633 1724 846 1762 laudatum.
907 1724 1000 1760 Erat
1024 1722 1263 1772 exspectatio
1289 1721 1539 1771 reliquiarum

213 1787 374 1834 Antoni,
397 1801 515 1837 quem
545 1787 721 1838 equitatu
750 1787 1050 1837 legionibusque
1079 1800 1222 1836 magna
1246 1799 1293 1824 ex
1319 1793 1427 1836 parte
1454 1799 1540 1835 spo—

154 1865 193 1896 25
214 1851 337 1890 liaras.
397 1853 456 1889 Ea
489 1865 648 1901 quoque
682 1851 819 1889 habuit
854 1851 1000 1889 exitum
1030 1850 1255 1900 optabilem.
1315 1851 1419 1887 Nam
1449 1856 1539 1887 tuae

214 1916 362 1954 litterae
383 1929 484 1966 quae
511 1916 692 1954 recitatae
716 1915 756 1953 in
783 1923 919 1954 senatu
947 1923 1037 1953 sunt
1058 1922 1096 1953 et
1115 1913 1358 1964 imperatoris
1378 1920 1416 1951 et
1443 1912 1539 1951 mili-

213 1989 296 2019 turn
310 1980 491 2019 virtutem
512 1988 549 2019 et
570 1979 801 2018 industriam
822 1987 989 2026 tuorum,
1006 1979 1045 2017 in
1067 1979 1209 2029 quibus
1224 1977 1425 2018 Ciceronis
1447 1977 1535 2025 mei,

212 2046 421 2084 declarant.
482 2046 603 2094 Quod
625 2045 654 2083 si
683 2044 758 2082 tuis
785 2044 995 2094 placuisset
1019 2045 1069 2082 de
1096 2043 1156 2081 his
1182 2042 1317 2081 litteris
1343 2042 1473 2081 referri
1499 2050 1537 2081 et

212 2109 287 2148 nisi
320 2109 360 2147 in
394 2117 549 2159 tempus
589 2108 968 2147 turbulentissimum
1007 2116 1096 2158 post
1134 2107 1350 2146 discessum
1385 2109 1536 2146 Pansae

154 2187 194 2220 30
213 2173 384 2213 consulis
422 2173 661 2221 incidissent,
693 2175 821 2212 honos
855 2186 1014 2223 quoque
1052 2172 1175 2210 iustus
1213 2179 1252 2210 et
1289 2171 1446 2210 debitus
1475 2171 1535 2210 dis

213 2239 496 2277 immortalibus
518 2240 696 2277 decretus
718 2245 829 2277 esset.
890 2239 994 2275 Ecce
1018 2236 1088 2275 tibi
1110 2236 1212 2275 Idib.
1235 2236 1356 2286 April.
1378 2237 1535 2275 advolat
1552 2248 1577 2287 3

215 2316 329 2342 mane
350 2304 464 2343 Celer
484 2304 615 2351 Pilius,
639 2303 706 2353 qui
726 2303 791 2351 vir,
814 2302 854 2341 di
875 2302 980 2349 boni,
1004 2315 1122 2351 quam
1145 2301 1281 2352 gravis,
1304 2314 1421 2352 quarn
1446 2315 1537 2340 con-

485 2417 527 2446 32
551 2407 651 2438 Celer
668 2407 770 2437 Pilius
787 2406 909 2437 Ruete:
933 2405 1023 2437 celer
1039 2405 1132 2436 Pilus
1148 2404 1234 2446 vulg.

258 2471 319 2492 Cic.
339 2471 385 2491 AD
400 2470 500 2492 an‘r.
1416 2458 1454 2488 10
