1871 2782
337 176 390 213 II.
410 184 441 210 v
759 173 822 209 M:
847 172 1015 210 TVLLI
1047 172 1351 212 CICERONIS

390 291 505 330 stans,
531 296 648 332 quam
671 282 864 320 bonarum
885 282 924 321 in
946 297 985 321 re
1006 283 1163 333 publica
1182 283 1350 334 partium
1369 287 1375 322 l
1434 283 1514 323 Hic
1535 284 1719 335 epistulas

389 349 514 386 adfert
535 349 644 394 duas,
663 361 782 385 unam
804 355 872 386 tuo
893 348 1065 395 nomine,
1083 350 1244 387 alteram
1266 348 1440 397 Antoni3
1470 350 1537 388 dat
1558 350 1719 389 Servilio

389 412 546 450 tribuno
576 411 713 462 plebis,
737 412 800 451 ille
825 414 1014 451 Cornuto.
1076 413 1308 451 Recitantur
1336 413 1376 451 in
1405 421 1554 452 senatu.
1616 417 1720 452 ‘AN-

388 489 539 515 TONIVS
575 479 755 515 PRocos.’
814 479 962 527 Magna
993 478 1215 526 admiratio,
1242 485 1285 516 ut
1318 478 1349 516 si
1384 486 1485 517 esset
1514 478 1719 517 recitatum

392 544 669 580 ‘DOLABELLA
705 544 996 589 lMPERATOR'3
1038 557 1061 580 a
1090 556 1169 592 quo
1197 543 1359 592 quidem
1386 551 1574 582 venerant
1602 544 1721 583 tabel-
1740 555 1757 586 5

388 606 481 654 larii,
505 608 575 645 sed
602 620 721 645 nemo
743 607 815 645 Pili
843 607 979 645 similis
1004 607 1071 657 qui
1098 609 1268 657 proferre
1295 608 1439 646 litteras
1466 610 1628 647 auderet
1653 616 1720 646 aut

389 671 678 722 magistratibus
706 673 879 710 reddere.
926 673 1037 709 Tuae
1058 671 1268 710 recitantur
1288 672 1425 710 breves
1449 672 1537 711 illae
1558 673 1720 722 quidem

390 737 459 774 sed
486 736 526 774 in
547 736 768 774 Antonium
792 737 1011 774 admodum
1038 737 1157 774 lenes.
1216 737 1484 775 Vehementer
1506 737 1721 776 admiratus

390 809 557 839 senatus.
620 800 722 838 Mihi
757 808 890 839 autem
925 815 1006 839 non
1040 808 1121 839 erat
1154 801 1390 850 explicatum
1424 801 1520 851 quid
1553 816 1718 852 agerem.

392 867 525 904 Falsas
560 865 765 904 dicerem?
805 865 901 915 quid
926 865 957 904 si
987 873 1028 903 tu
1059 880 1125 904 eas
1156 867 1450 916 adprobasses?
1506 868 1722 906 Confirma-
1743 881 1782 903 10

346 943 372 979 4
392 933 505 969 rem?
545 944 625 969 non
655 938 737 969 erat
770 931 969 981 dignitatis
1003 938 1103 970 tuae.
1164 933 1304 981 Itaque
1338 931 1402 969 ille
1435 931 1519 970 dies
1553 932 1719 971 silentio.

392 995 587 1034 Postridie
615 1003 748 1034 autem
777 1009 867 1034 cum
895 1009 1024 1034 sermo
1052 995 1338 1043 increbruisset‚
1358 996 1560 1047 Piliusque
1585 999 1722 1035 oculos

390 1060 662 1099 vehementius
687 1059 894 1099 hominum
922 1060 1165 1108 offendisset,
1185 1069 1320 1099 natum
1348 1061 1512 1100 omnino
1538 1069 1597 1100 est
1622 1062 1724 1112 prin-

388 1126 535 1176 cipium
556 1140 579 1164 a
599 1140 672 1164 me.
716 1128 778 1164 De
799 1127 1034 1176 proconsule
1047 1125 1225 1164 Antonio
1241 1128 1374 1164 multa.
1418 1126 1566 1165 Sestius
1583 1141 1723 1166 causae

389 1204 471 1229 non
491 1190 615 1229 defuit
636 1198 725 1241 post
746 1204 820 1237 me,
844 1204 935 1229 cum
956 1198 1105 1240 quanto
1125 1204 1241 1229 suuni
1261 1190 1397 1238 filium,
1419 1198 1569 1241 quanto
1590 1206 1722 1232 meum
1746 1205 1781 1236 15

388 1255 429 1292 in
462 1254 638 1305 periculo
672 1257 846 1293 futurum
877 1254 1036 1302 diceret,
1069 1254 1101 1292 si
1133 1262 1268 1293 contra
1302 1257 1579 1305 proconsulem
1613 1271 1720 1295 arma

388 1319 579 1358 tulissent.
640 1319 755 1358 Nosti
785 1319 1015 1367 hominem5
1054 1333 1196 1357 causae
1225 1333 1306 1357 non
1335 1320 1470 1359 defuit.
1528 1320 1720 1359 Dixerunt

389 1385 506 1424 etiam
527 1385 602 1424 alii.
662 1386 799 1423 Labeo
818 1399 910 1423 vero
936 1392 1069 1423 noster
1091 1398 1165 1422 nec
1185 1384 1340 1434 signum
1361 1392 1473 1423 tuum
1494 1384 1535 1422 in
1555 1385 1722 1435 epistula

389 1464 463 1488 nec
492 1450 599 1489 diem
628 1449 855 1500 adpositum
885 1463 959 1488 nec
988 1456 1027 1488 te
1056 1449 1256 1499 scripsisse
1286 1450 1337 1488 ad
1366 1457 1465 1498 tuos,
1490 1457 1532 1488 ut
1563 1452 1718 1489 soleres.

390 1517 484 1554 Hoc
514 1528 654 1565 cogere
682 1515 841 1553 volebat
870 1515 985 1552 falsas
1014 1513 1160 1553 litteras
1190 1527 1275 1552 esse
1303 1522 1352 1561 et,
1382 1514 1414 1552 si
1443 1514 1607 1564 quaeris,
1637 1528 1722 1564 pro-
1742 1531 1783 1554 20

347 1592 371 1631 5
391 1580 520 1618 babat.
580 1582 699 1618 Nunc
734 1587 846 1618 tuum
877 1587 935 1617 est
967 1579 1187 1625 consilium,
1221 1581 1351 1626 Brute,
1383 1580 1434 1618 de
1466 1587 1550 1618 toto
1580 1593 1722 1629 genere

391 1645 493 1684 belli.
551 1645 682 1684 Video
714 1653 752 1684 te
783 1645 943 1683 lenitate
974 1644 1160 1683 delectari
1191 1652 1229 1682 et
1260 1658 1351 1683 eum
1385 1652 1521 1695 putare
1553 1646 1721 1684 fructum

389 1725 474 1750 esse
500 1711 715 1750 maximum
742 1713 938 1761 praeclare
963 1711 1136 1761 quidem,
1159 1712 1229 1749 sed
1256 1710 1340 1749 aliis
1367 1711 1495 1758 rebus,
1517 1710 1601 1749 aliis
1628 1718 1723 1750 tem-

387 1776 549 1827 poribus
573 1778 684 1814 locus
711 1790 797 1815 esse
824 1777 923 1815 solet
950 1777 1150 1826 debetque
1177 1775 1420 1814 clementiae.
1481 1777 1599 1814 Nunc
1626 1775 1722 1826 quid

387 1841 523 1891 agitur,
565 1843 717 1880 Brute?
791 1841 970 1892 Templis
1008 1843 1174 1880 deorum
1217 1840 1497 1880 immortalium
1542 1841 1722 1880 imminet
1744 1854 1780 1886 25

388 1906 595 1945 hominum
616 1906 816 1956 egentium
837 1914 875 1945 et
895 1906 1138 1956 perditorum
1159 1919 1259 1956 spes,
1283 1920 1357 1944 nec
1378 1906 1591 1956 quicquam
1614 1906 1722 1945 aliud

388 1971 610 2010 decernitur
630 1973 706 2010 hoc
727 1972 833 2010 bello
854 1971 929 2010 nisi
950 1979 1079 2009 utrum
1102 1971 1223 2009 simus
1246 1985 1381 2010 necne.
1429 1971 1505 2010 Cui
1526 1971 1721 2021 parcimus

387 2044 454 2074 aut
474 2036 571 2086 quid
597 2036 778 2086 agimus?
834 2037 914 2075 Hic
944 2050 1036 2087 ergo
1064 2036 1308 2075 consulimus
1337 2036 1481 2086 quibus
1508 2036 1720 2075 victoribus

388 2100 593 2151 vestigium
616 2109 793 2139 nostrum
815 2103 967 2139 nullum
989 2101 1260 2151 relinquetur?
1317 2102 1421 2139 Nam
1443 2100 1538 2150 quid
1562 2100 1721 2139 interest

390 2166 488 2204 inter
510 2166 761 2205 Dolabellam
784 2174 822 2205 et
842 2166 1022 2216 quemvis
1043 2166 1308 2204 Antoniorum
1334 2165 1483 2203 trium?
1540 2166 1719 2214 Quorum
1740 2180 1780 2210 30

390 2231 420 2269 si
457 2230 519 2269 cui
554 2231 762 2281 parcimus,
792 2231 879 2270 duri
914 2231 1059 2269 fuimus
1093 2230 1132 2268 in
1167 2231 1384 2268 Dolabella.
1446 2231 1560 2268 Haec
1593 2237 1635 2268 ut
1668 2229 1720 2268 ita

436 2344 470 2364 11
499 2338 595 2364 erant
620 2334 796 2364 Lehmann
955 2343 992 2362 12
1018 2332 1257 2362 increbruisset
1282 2331 1424 2362 Lama:
1460 2332 1601 2363 —buisset
1629 2332 1715 2364 Crat.

391 2377 559 2416 Piliusque
589 2377 710 2407 Ruele:
748 2377 905 2416 Pilusque
934 2377 1020 2416 vulg.
1238 2384 1276 2413 15
1302 2376 1406 2406 defuit
1434 2380 1512 2416 post
1545 2386 1608 2415 me,
1642 2386 1718 2407 curn

388 2425 514 2458 quanto
535 2420 672 2451 Ganter:
699 2421 825 2451 defuit:
853 2425 928 2459 post
946 2429 1074 2450 mecum
1091 2423 1215 2458 quanto
1231 2419 1320 2459 vulg.
