1871 2782
265 156 293 192 I.
314 165 375 191 xv
694 151 750 188 M.
783 150 951 187 TVLLI
983 148 1290 187 CICERONIS

334 265 509 302 Statuam
549 260 754 311 Philippus
793 259 975 307 decrevit,
1017 258 1256 298 celeritatem
1298 257 1498 308 petitionis
1536 257 1663 308 primo

334 327 500 374 Servius,
522 334 612 377 post
639 325 826 364 maiorem
851 324 968 363 etiam
997 323 1190 363 Servilius.
1251 323 1360 361 Nihil
1387 330 1470 360 tum
1497 322 1663 360 nimium

291 397 315 433 8
334 391 549 430 videbatur.
609 391 688 429 Sed
708 389 842 429 nescio
863 402 942 439 quo
963 390 1084 427 modo
1105 387 1255 426 facilius
1276 387 1316 425 in
1341 387 1479 426 timore
1504 386 1665 437 benigni

334 471 453 507 quam
485 457 524 494 in
555 456 717 495 victoria
749 455 846 505 grati
879 454 1134 504 reperiuntur.
1194 455 1280 503 Ego
1309 452 1427 501 enim,
1460 455 1508 490 D.
1542 455 1665 490 Bruto

333 522 497 561 liberato
518 536 608 560 cum
630 521 864 560 laetissimus
884 520 948 558 ille
968 519 1114 558 civitati
1139 518 1222 557 dies
1249 518 1452 556 inluxisset
1478 517 1665 566 idemque
1686 529 1703 561 5

333 601 426 626 casu
455 587 564 626 Bruti
592 586 730 624 natalis
755 593 868 632 esset,
894 584 1049 623 decrevi
1079 592 1121 622 ut
1151 584 1191 622 in
1220 583 1328 621 fastis
1357 584 1408 621 ad
1438 596 1528 621 eum
1559 581 1665 620 diem

335 652 445 692 Bruti
475 666 622 691 nomen
652 650 947 697 adscriberetur,
979 649 1019 686 in
1047 662 1174 698 eoque
1202 662 1289 686 sum
1320 648 1512 686 maiorum
1540 660 1668 685 exem-

334 719 444 768 plum
479 724 635 755 secutus
669 714 737 765 qui
766 716 872 752 hunc
903 715 1095 752 honorem
1128 712 1280 751 mulieri
1314 711 1520 750 Larentiae
1550 711 1668 749 tribu-

334 789 458 830 erunt,
488 781 598 819 cuius
626 793 695 818 vos
722 778 928 829 pontifices
957 779 1008 816 ad
1035 791 1142 815 aram
1169 777 1209 815 in
1236 777 1408 815 Velabro
1433 776 1666 814 sacrificium

335 847 461 884 facere
490 844 633 883 soletis.
694 845 815 892 Quod
850 857 923 893 ego
954 857 1045 881 cum
1075 843 1220 881 dabam
1251 844 1385 889 Bruto,
1416 849 1552 880 notam
1582 854 1667 879 esse
1689 855 1727 877 10

335 911 374 948 in
396 910 503 948 fastis
523 908 764 959 gratissimae
785 907 968 946 victoriae
989 906 1268 957 sempiternam
1288 906 1481 945 volebam.
1535 907 1668 955 Atque

335 976 401 1015 illo
423 976 487 1014 die
514 974 681 1025 cognovi
702 975 821 1024 paulo
841 973 961 1024 pluris
981 973 1021 1010 in
1042 980 1180 1011 senatu
1201 973 1415 1010 malevolos
1440 984 1525 1009 esse
1549 984 1669 1020 quam

335 1049 474 1092 gratos.
535 1042 608 1079 Per
642 1053 710 1078 eos
744 1038 850 1089 ipsos
885 1038 969 1077 dies
1003 1038 1135 1085 effudi,
1172 1037 1203 1075 si
1237 1037 1291 1075 ita
1323 1036 1390 1084 vis,
1428 1038 1597 1074 honores
1629 1034 1669 1073 in

337 1113 523 1152 mortuos,
553 1104 728 1142 Hirtium
759 1110 797 1142 et
825 1105 1004 1151 Pansam,
1031 1101 1217 1152 Aquilam
1245 1101 1374 1140 etiam.
1434 1101 1556 1150 Quod
1582 1098 1669 1149 quis

336 1170 608 1221 reprehendet,
631 1168 706 1206 nisi
726 1168 793 1218 qui
814 1167 997 1218 deposito
1018 1174 1125 1205 metu
1146 1165 1342 1217 praeteriti
1369 1164 1530 1215 periculi
1556 1163 1670 1202 fuerit
1693 1180 1729 1212 15

291 1234 513 1282 9oblitus?
580 1233 809 1271 Accedebat
842 1233 893 1270 ad
927 1231 1095 1270 benefici
1130 1230 1361 1270 memoriam
1395 1237 1543 1280 gratam
1573 1228 1670 1266 ratio

337 1300 403 1339 illa
423 1313 524 1350 quae
545 1298 662 1337 etiam
684 1296 848 1347 posteris
873 1304 975 1334 esset
1002 1295 1190 1334 salutaris.
1251 1297 1412 1333 Exstare
1439 1294 1545 1333 enim
1570 1295 1672 1332 vole-

337 1366 429 1404 bam
451 1364 490 1402 in
516 1362 807 1402 crudelissimos
833 1361 957 1400 hostis
984 1361 1230 1400 monimenta
1258 1360 1326 1399 odi
1354 1359 1502 1410 publici
1532 1358 1672 1408 sempi-

338 1437 457 1468 terna.
535 1428 720 1478 Suspicor
758 1427 855 1465 illud
902 1425 973 1464 tibi
1013 1425 1142 1463 minus
1187 1425 1343 1475 probari
1382 1426 1490 1474 quod
1534 1438 1557 1462 a
1595 1423 1671 1462 tuis

337 1493 601 1539 familiaribus,
639 1491 798 1542 optimis
832 1490 906 1529 illis
941 1490 1103 1540 quidem
1138 1489 1226 1528 viris
1261 1491 1331 1528 sed
1365 1489 1405 1527 in
1439 1503 1479 1528 re
1512 1488 1672 1539 publica
1691 1501 1732 1524 20

338 1558 511 1605 rudibus,
543 1571 624 1595 non
659 1556 908 1606 probabatur,
945 1556 1054 1604 quod
1087 1562 1129 1593 ut
1163 1554 1296 1593 ovanti
1325 1554 1483 1593 introire
1513 1553 1672 1593 Caesari

338 1623 470 1662 liceret
491 1622 740 1661 decreverim.
790 1622 875 1671 Ego
895 1627 1026 1658 autem
1048 1618 1135 1671 (sed
1156 1633 1240 1658 erro
1261 1621 1424 1657 fortasse
1444 1632 1518 1657 nec
1539 1625 1671 1656 tamen

338 1689 369 1727 is
405 1701 491 1726 sum
530 1695 573 1726 ut
607 1700 695 1725 mea
729 1700 792 1724 me
827 1685 995 1723 maxime
1030 1684 1244 1736 delectent)
1275 1684 1373 1722 nihil
1408 1684 1504 1722 mihi
1537 1683 1673 1722 videor

338 1755 414 1791 hoc
430 1753 535 1791 bello
552 1751 719 1790 sensisse
735 1749 977 1801 prudentius
1019 1751 1100 1789 Cur
1120 1757 1251 1788 autem
1273 1749 1326 1787 ita
1346 1749 1394 1787 sit
1414 1748 1670 1799 aperiendum

339 1831 420 1856 non
441 1824 508 1863 est,
533 1830 582 1855 ne
603 1816 726 1866 magis
747 1815 879 1854 videar
900 1814 1086 1865 providus
1107 1814 1226 1852 fuisse
1247 1828 1366 1864 quarn
1387 1821 1528 1864 gratus.
1578 1815 1672 1852 Hoc
1693 1826 1731 1859 25

339 1883 468 1934 ipsum
498 1881 664 1920 nimium
679 1896 690 1929 3
728 1894 806 1930 qua
835 1894 874 1918 re
904 1879 979 1917 alia
1007 1879 1221 1917 videamus.
1282 1881 1331 1917 D.
1365 1881 1487 1916 Bruto
1517 1877 1672 1916 decrevi

339 1950 519 1994 honores,
544 1946 699 1985 decrevi
721 1948 764 1983 L.
788 1947 947 1984 Planco.
1009 1946 1211 1983 Praeclara
1237 1943 1302 1982 illa
1329 1944 1489 1994 quidem
1518 1942 1674 1993 ingenia

340 2028 441 2064 quae
472 2012 594 2063 gloria
622 2011 845 2059 invitantur,
878 2012 947 2049 sed
977 2018 1135 2049 senatus
1166 2009 1283 2048 etiarn
1314 2009 1469 2059 sapiens
1500 2008 1567 2058 qui
1597 2022 1675 2058 qua

340 2092 539 2129 quemque
577 2091 617 2116 re
655 2084 777 2127 putat,
814 2077 935 2115 modo
969 2076 1146 2122 honesta,
1182 2076 1233 2113 ad
1271 2088 1352 2112 rem
1387 2073 1587 2124 publicam
1621 2072 1675 2110 iu-

340 2145 510 2181 vandam
548 2156 665 2193 posse
702 2141 849 2180 adduci
886 2142 960 2179 hac
999 2140 1128 2178 utitur.
1187 2141 1240 2177 At
1279 2139 1319 2176 in
1359 2138 1512 2188 Lepido
1551 2150 1674 2186 repre·
1697 2153 1739 2183 30

341 2208 575 2256 hendimur;
609 2207 671 2246 cui
702 2221 792 2245 cum
823 2214 991 2244 statuam
1022 2205 1061 2243 in
1092 2204 1223 2244 rostris
1254 2203 1535 2249 statuissemus,
1567 2201 1674 2240 idern

384 2323 404 2351 3
426 2314 580 2343 homines
593 2312 670 2343 add.
686 2315 761 2342 anle
777 2311 908 2341 facilius
924 2310 1017 2340 Cobet
1105 2320 1125 2347 9
1148 2308 1346 2338 sacrificium
1364 2307 1431 2337 secl.
1448 2307 1542 2337 Man.
1636 2316 1648 2335 1
1659 2315 1671 2334 r

340 2356 443 2395 Atqui
463 2356 638 2386 Middlerosz
747 2366 783 2385 12
808 2355 896 2384 haud
914 2354 1011 2393 paulo
1033 2352 1106 2383 Vsct.
1127 2353 1214 2392 vulg.
1332 2360 1369 2388 13
1396 2351 1461 2380 Per
1477 2361 1536 2380 eos
1556 2349 1676 2379 Gurlitt

340 2411 379 2430 ex
396 2400 482 2430 Crat.
502 2412 508 2430 :
533 2410 591 2429 eos
610 2410 669 2437 per
686 2399 771 2429 codd.
890 2408 927 2436 15
953 2397 1179 2437 reprehendet
1198 2395 1319 2426 Orelli:
1344 2395 1405 2424 -dit
1422 2394 1509 2434 vulg.
1636 2402 1672 2431 17

341 2448 431 2474 esset
450 2443 536 2473 MC:
562 2448 674 2481 posset
691 2452 766 2472 esse
784 2441 834 2471 A2’
855 2441 941 2472 Crat.
