1871 2782
398 151 952 190 COMMENTARIOLVM
984 152 1308 191 PETITIONIS
1462 162 1505 189 12
1526 156 1568 197 46

191 260 339 300 inimici
378 262 589 300 discedunt
621 275 839 311 omnesque
877 264 952 300 hoc
990 262 1124 301 animo
1163 270 1252 301 sunt
1291 270 1332 301 ut
1371 262 1445 302 sibi
1478 270 1516 301 te

191 327 346 364 mentiri
389 327 526 365 malint
573 340 691 376 quam
739 340 890 376 negare.
969 328 1012 366 C.
1055 328 1181 373 Cotta,
1223 328 1262 365 in
1301 327 1516 366 ambitione

189 391 334 438 artifex,
367 392 497 430 dicere
523 393 675 430 solebat
704 405 745 429 se
775 405 934 440 operam
964 405 1084 437 suam,
1115 394 1246 441 quoad
1271 407 1350 430 non
1380 400 1516 431 contra

189 456 362 494 officium
396 464 601 506 rogaretur,
635 455 810 506 polliceri
845 457 969 494 solere
1007 456 1201 503 omnibus,
1236 456 1431 507 impertire
1470 457 1515 495 iis

151 534 167 564 5
188 522 294 570 apud
316 534 414 570 quos
435 521 584 571 optime
604 520 699 570 poni
718 520 966 558 arbitraretur
983 534 993 567 ,·
1021 520 1112 558 ideo
1133 534 1173 559 se
1194 521 1341 559 nemini
1362 535 1512 571 negare,

189 587 296 634 quod
324 599 441 636 saepe
469 585 665 624 accideret
694 598 812 623 causa
840 599 909 623 cur
938 584 969 623 is
998 584 1061 622 cui
1090 585 1285 635 pollicitus
1306 594 1406 624 esset
1435 600 1516 624 non

188 657 369 697 uteretur,
393 664 508 700 saepe
537 658 579 688 ut
609 649 692 699 ipse
722 649 844 699 magis
873 657 975 688 esset
995 663 1141 687 vacuus
1168 663 1286 699 quam
1316 658 1516 700 putasset;

187 727 316 764 neque
337 728 453 764 posse
482 714 565 753 eius
595 716 759 753 domum
789 713 977 764 compleri
1006 713 1073 763 qui
1103 720 1254 752 tantum
1285 716 1405 753 modo
1425 715 1518 753 reci-

186 787 295 828 peret
315 788 508 829 quantum
529 779 678 817 videret
698 792 740 816 se
760 778 869 817 obire
895 792 1011 828 posse
1028 793 1038 826 3
1067 792 1160 816 casu
1190 778 1271 818 fieri
1292 787 1333 817 ut
1353 787 1517 829 agantur

129 857 169 880 10
187 856 233 880 ea
253 857 354 892 quae
373 858 454 881 non
475 843 632 893 putaris,
656 843 720 881 illa
740 857 840 893 quae
861 843 1071 881 credideris
1092 843 1131 881 in
1154 843 1334 882 manibus
1361 858 1445 883 esse
1472 852 1515 883 ut

185 906 316 956 aliqua
349 909 399 946 de
432 922 550 947 causa
583 922 663 946 non
697 916 883 958 agantur3
925 908 1070 946 deinde
1101 922 1185 947 esse
1219 917 1434 947 extremum
1469 917 1512 947 ut

185 971 370 1010 irascatur
403 972 436 1010 is
466 972 530 1010 cui
565 973 815 1011 mendacium
847 973 998 1012 dixeris.
1069 974 1127 1019 Id,
1162 973 1193 1011 si
1227 974 1439 1023 promittas,
1473 982 1510 1012 et

185 1036 377 1075 incertum
398 1044 456 1074 est
484 1044 522 1075 et
552 1037 591 1075 in
620 1038 726 1076 diem
756 1046 794 1076 et
823 1037 863 1076 in
892 1038 1165 1088 paucioribus,
1195 1038 1254 1077 sin
1274 1047 1405 1077 autem
1436 1038 1510 1092 [id]

186 1115 315 1152 neges,
337 1109 376 1140 et
402 1109 507 1140 certe
529 1102 728 1140 abalienes
757 1110 795 1140 et
819 1102 949 1140 statim
976 1110 1015 1140 et
1040 1102 1169 1152 pluris.
1244 1105 1378 1141 Plures
1408 1103 1513 1141 enim

129 1180 166 1212 15
187 1168 312 1204 multo
331 1173 423 1204 sunt
443 1166 509 1216 qui
529 1174 666 1216 rogant
696 1173 740 1204 ut
764 1166 821 1204 uti
851 1166 965 1204 liceat
991 1179 1110 1216 opera
1132 1167 1287 1205 alterius
1308 1181 1425 1217 quam
1447 1168 1514 1217 qui

186 1238 358 1268 utuntur.
418 1232 509 1279 Qua
528 1244 569 1268 re
589 1230 709 1267 satius
729 1237 787 1268 est
809 1228 884 1282 [ut]
912 1244 958 1268 ex
978 1230 1038 1268 his
1058 1230 1211 1280 aliquos
1239 1231 1453 1281 aliquando
1473 1232 1513 1270 in

184 1296 269 1333 foro
289 1295 360 1333 tibi
382 1294 494 1333 irasci
514 1308 633 1344 quam
653 1295 782 1333 omnis
811 1295 1001 1333 continuo
1022 1295 1142 1342 domi,
1166 1296 1391 1346 praesertim
1421 1310 1511 1335 cum

184 1361 309 1397 multo
329 1360 451 1409 magis
472 1359 686 1398 irascantur
706 1359 751 1397 iis
768 1359 836 1409 qui
855 1367 1009 1410 negent,
1027 1374 1145 1410 quam
1166 1360 1201 1398 ei
1222 1374 1339 1410 quem
1352 1361 1511 1400 videant

183 1437 229 1462 ea
262 1438 309 1463 ex
334 1438 452 1462 causa
478 1424 724 1474 impeditum,
749 1432 792 1463 ut
822 1426 950 1463 facere
976 1426 1085 1474 quod
1111 1425 1289 1475 promisit
1318 1426 1448 1476 cupiat
1477 1427 1509 1464 si

124 1505 163 1526 20
182 1490 263 1526 ullo
293 1491 413 1528 modo
443 1489 577 1539 possit.
636 1491 696 1527 Ac
723 1503 773 1527 ne
802 1489 935 1528 videar
962 1490 1161 1528 aberrasse
1184 1503 1207 1528 a
1233 1490 1508 1530 distributione

182 1567 279 1601 mea,
299 1554 365 1604 qui
386 1555 483 1592 haec
503 1554 543 1595 in
564 1555 638 1592 hac
658 1554 836 1604 populari
856 1563 964 1605 parte
985 1555 1184 1605 petitionis
1205 1555 1413 1606 disputem,
1433 1558 1508 1595 hoc

180 1631 332 1668 sequor,
355 1620 454 1657 haec
475 1619 608 1657 omnia
628 1633 710 1657 non
731 1627 810 1657 tam
837 1621 888 1658 ad
915 1620 1132 1658 amicorum
1162 1620 1291 1661 studia
1314 1635 1431 1670 quam
1458 1622 1509 1659 ad

179 1685 409 1733 popularem
452 1686 597 1722 famam
639 1684 844 1734 pertinere,
886 1693 925 1723 et
963 1685 995 1723 si
1033 1685 1134 1723 inest
1171 1685 1320 1735 aliquid
1358 1700 1404 1725 ex
1442 1686 1509 1724 illo

177 1761 330 1798 genere,
367 1749 537 1799 benigne
571 1751 820 1800 respondere,
852 1750 1028 1789 studiose
1056 1750 1240 1789 inservire
1268 1750 1433 1800 negotiis
1461 1764 1507 1789 ac

122 1826 159 1858 25
177 1813 358 1863 periculis
382 1814 610 1861 amicorum,
633 1823 766 1853 tamen
796 1816 872 1853 hoc
898 1817 987 1853 loco
1016 1828 1062 1852 ea
1088 1815 1189 1861 dico,
1212 1815 1355 1864 quibus
1382 1815 1508 1853 multi-

178 1878 356 1916 tudinem
386 1892 525 1928 capere
554 1878 691 1929 possis,
720 1886 763 1916 ut
791 1880 842 1917 de
870 1887 987 1917 nocte
1016 1880 1158 1917 domus
1188 1881 1439 1928 compleatur,
1462 1887 1506 1917 ut

178 1942 289 1980 multi
319 1956 388 1992 spe
417 1943 472 1980 tui
501 1943 669 1993 praesidi
698 1950 914 1989 teneantur,
938 1950 980 1980 ut
999 1942 1202 1981 amiciores
1221 1944 1291 1981 abs
1320 1951 1356 1981 te
1383 1943 1505 1981 disce-

177 2008 272 2045 dant
299 2021 417 2057 quam
443 2008 688 2054 accesserint,
711 2015 754 2044 ut
778 2021 896 2056 quam
925 2007 1181 2057 plurimorum
1210 2021 1321 2046 aures
1351 2008 1503 2058 optimo

176 2085 356 2110 sermone
376 2074 656 2121 compleantur.

117 2151 160 2182 30
231 2135 415 2186 Sequitur
446 2137 552 2174 enim
584 2144 626 2174 ut
655 2138 705 2174 de
729 2150 883 2175 rumore
910 2137 1123 2175 dicendum
1151 2137 1208 2184 sit,
1240 2138 1303 2175 cui
1333 2137 1500 2175 maxime
1521 2176 1562 2206 50

178 2201 426 2240 serviendum
464 2209 532 2240 est.
610 2203 689 2240 Sed
727 2216 827 2252 quae
872 2202 977 2240 dicta
1014 2211 1104 2241 sunt
1151 2203 1259 2241 omni
1303 2204 1501 2253 superiore

219 2317 240 2344 9
264 2316 341 2336 casu
359 2305 432 2336 dell.
450 2317 457 2336 :
480 2316 580 2337 causa
599 2305 668 2336 ΓΗ
769 2317 807 2345 ῐ3
824 2307 857 2336 in
875 2310 949 2336 anle
964 2307 1175 2346 paucioribus
1193 2318 1256 2338 om.
1276 2307 1405 2347 Kayser
1467 2308 1501 2338 id

176 2348 234 2379 del.
254 2349 425 2379 Pulecmus
589 2352 628 2381 16
653 2355 687 2380 ut
704 2361 768 2381 om.
788 2350 826 2379 H
841 2350 913 2380 dett.
1054 2353 1091 2381 18
1115 2351 1144 2381 ci
1162 2362 1261 2389 quem
1278 2350 1443 2381 Petreius:
1467 2351 1502 2381 hi

176 2402 275 2431 quern
293 2393 351 2423 H:
376 2393 408 2423 hi
425 2393 482 2432 qui
500 2393 532 2423 F
664 2405 701 2433 19
726 2405 765 2424 ca
782 2404 824 2424 ex
840 2393 926 2425 FH:
951 2405 991 2424 ea
1005 2394 1076 2425 dett.
1097 2407 1102 2425 :
1127 2395 1212 2425 iusta
1230 2394 1312 2434 Lag.
1330 2404 1372 2432 50

1535 338 1575 371 47

1530 981 1571 1022 48

1526 1501 1568 1532 49

1519 2116 1562 2153 Ι3
