1871 2782
687 189 714 223 P
723 189 1006 225 RAEFATM)

239 299 285 335 In
324 297 501 347 Epistula
540 298 590 335 ad
627 296 887 335 Octavianum
928 298 1167 335 recensenda
1202 296 1343 334 MFH
1368 296 1510 346 primas

182 362 300 412 partis
326 370 456 412 agunt,
480 363 549 400 sed
574 361 753 400 codicem
783 361 863 411 (T)
892 378 912 399 e
938 375 1017 410 quo
1041 362 1250 400 Turnebus
1275 375 1401 411 pauca
1427 374 1511 410 pro-

183 429 253 465 fert
280 427 319 464 in
350 428 643 465 ‘Adversarizk'
671 426 760 477 (xvi.
792 429 813 463 8
842 440 877 476 p.
905 426 1011 476 481),
1041 426 1103 464 cui
1134 426 1269 464 similis
1299 434 1356 464 est
1386 427 1510 464 codex

185 491 419 530 Dresdensis
434 493 456 539 ¹,
480 505 560 530 non
582 499 707 529 toturn
729 491 882 529 abicere
904 491 1106 529 debemus.

239 558 286 594 In
309 556 551 606 Fragmentis
572 555 730 594 codices
755 570 854 606 quos
878 555 1091 594 adtulimus
1119 564 1209 593 sunt
1236 564 1440 594 auctorum
1465 570 1510 594 ex

184 621 327 670 quibus
349 623 609 671 fragmentum
631 622 819 671 quodque
840 621 1067 671 excerpitur.

238 685 468 724 Editoribus
500 685 841 736 praestantissimis
872 685 1163 735 Wesenbergio,
1195 685 1361 731 Baitero,
1392 687 1436 724 C.
1468 687 1511 723 F.

183 752 240 787 W.
266 752 436 789 Miillero
456 759 494 789 et
525 750 656 788 multis
682 750 766 789 aliis
791 750 880 788 viris
909 750 1036 789 doctis
1065 750 1131 800 qui
1159 749 1307 800 optime
1332 751 1382 788 de
1403 749 1511 789 Cice-

183 815 288 854 ronis
323 815 511 866 Epistulis
547 815 673 854 meriti
707 823 797 853 sunt
831 823 872 854 ut
907 829 1032 865 paene
1066 815 1200 854 omnia
1233 815 1425 854 debemus
1459 815 1511 853 ita

181 880 321 929 gratias
373 881 524 931 agimus
576 880 848 931 amplissimas.
935 881 1118 930 Denique
1169 879 1304 919 lectori
1352 893 1511 930 quoquc

182 946 447 995 typographei‚
486 946 553 996 qui
591 959 661 996 pro
703 959 774 984 sua
811 945 1011 996 diligentia
1049 953 1087 984 et
1125 945 1304 984 doctrina
1345 946 1511 984 schedas

182 1013 355 1050 sollerter
384 1011 632 1060 corrigendas
671 1011 828 1058 curavit,
862 1021 987 1061 grates
1018 1011 1183 1049 libenter
1211 1011 1417 1049 habemus.

228 1144 237 1161 ¹
263 1145 314 1176 Cf.
343 1144 463 1175 librum
490 1144 684 1184 primarium
712 1145 759 1184 (p.
788 1144 847 1185 97)
873 1145 913 1175 ab
941 1138 983 1176 O‘.
1007 1145 1043 1175 E.
1072 1145 1224 1175 Schmidt
1251 1145 1411 1184 scriptum
1433 1145 1513 1176 ‘Die

181 1196 465 1236 lmudsclzrzflhche
487 1196 743 1236 Uebcrltqfirung
760 1196 818 1226 der
832 1195 940 1235 Brz'cse
963 1196 1084 1227 Ciceros
1101 1207 1146 1226 an
1170 1196 1311 1234 Atticus,
1332 1196 1370 1235 Q.
1394 1195 1507 1235 Cz'ccro,

183 1247 231 1279 M.
260 1248 390 1278 Brutus
407 1247 442 1277 in
459 1246 598 1286 Ilczlt'en7’
620 1257 663 1277 ex
682 1248 746 1278 vol.
770 1258 802 1279 x.
821 1248 882 1278 der
897 1247 1172 1286 Abhandlungen
1192 1248 1253 1278 der
1272 1247 1510 1287 philologisch-

181 1302 407 1333 historischen
424 1301 541 1332 Classe
560 1301 621 1331 der
639 1301 775 1340 Kbnigl.
796 1301 1020 1333 sachsischen
1039 1302 1265 1334 Gesellschast
1281 1302 1342 1333 der
1358 1301 1511 1333 Wissen-

181 1353 344 1385 sebasten.

1259 1419 1300 1455 L.
1336 1419 1379 1459 C,
1414 1419 1453 1455 P,

225 1528 361 1559 Dabam
378 1526 520 1557 Dublmz'

272 1582 385 1613 Mense
399 1578 560 1612 Ianuario
585 1590 755 1613 muccccu.
