1871 2782
254 154 307 192 11.
327 153 402 190 xiii
720 150 776 186 M.
808 148 975 186 TVLLI
1007 147 1314 186 CICERONIS

398 275 515 310 XIII
687 275 756 307 Scr.
777 275 904 306 Romae
920 275 963 306 in.
984 286 1027 306 m.
1046 274 1121 305 Iun.
1141 285 1171 305 a.
1193 283 1252 313 700
1270 272 1355 314 (54).

585 352 775 384 MARCVS
801 352 980 392 QVINTO
1007 329 1180 382 FRATRI
1207 350 1433 382 SALVTEM.

318 444 334 471 1
407 433 453 469 A.
477 432 513 469 d.
539 443 601 468 1111
625 432 728 469 Non.
754 429 899 477 Iunias,
923 443 1002 479 quo
1027 429 1091 468 die
1112 431 1285 468 Romam
1312 427 1413 474 veni,
1436 427 1570 478 accepi
1595 436 1680 467 tuas

352 496 497 535 litteras
519 497 629 535 datas
648 494 859 541 Placentia,
875 494 1021 533 deinde
1041 495 1179 532 alteras
1200 493 1389 544 postridie
1410 494 1520 531 datas
1541 495 1682 532 †Blan-

351 562 562 600 denonne†
577 574 668 598 cum
682 558 860 599 Caesaris
874 558 1009 597 litteris
1023 558 1170 597 refertis
1186 558 1293 596 omni
1310 558 1451 604 officio,
1467 556 1678 607 diligentia,
1700 571 1717 601 5

352 625 551 664 suavitate.
612 627 711 663 Sunt
749 624 822 662 ista
856 623 1018 673 quidem
1053 637 1194 673 magna
1227 624 1287 661 vel
1322 622 1453 672 potius
1488 622 1680 668 maxima3

352 691 498 729 habent
519 689 625 728 enim
646 689 724 727 vim
746 702 928 738 magnam
949 689 1000 726 ad
1020 687 1182 737 gloriam
1204 694 1242 725 et
1262 689 1312 725 ad
1338 700 1533 725 summam
1559 686 1681 737 digni-

351 762 496 802 tatem;
526 756 606 801 sed,
630 753 725 791 mihi
747 755 863 791 crede
884 766 1001 802 quem
1024 752 1138 799 nosti,
1162 754 1271 802 quod
1292 751 1332 789 in
1360 751 1443 790 istis
1470 752 1585 790 rebus
1607 765 1679 802 ego

350 819 506 869 plurimi
540 818 707 856 aestimo
738 817 778 855 id
806 817 883 854 iam
914 817 1053 863 habeo,
1078 823 1115 854 te
1142 816 1290 854 scilicet
1318 815 1488 866 primum
1516 823 1595 854 tam
1625 816 1680 854 in-

350 884 582 922 servientem
613 882 816 921 communi
850 881 1040 931 dignitati,
1072 880 1218 920 deinde
1249 881 1426 921 Caesaris
1456 889 1608 919 tantum
1638 880 1678 919 in
1703 893 1738 914 10

350 963 412 996 me
449 962 636 994 amorem,
669 961 787 997 quem
822 946 1008 985 omnibus
1037 946 1083 984 iis
1113 946 1329 985 honoribus
1364 960 1463 996 quos
1493 960 1556 984 me
1584 960 1607 984 a
1636 959 1678 984 se

349 1021 573 1064 exspectare
606 1014 689 1051 vult
722 1019 935 1062 antepono.
1007 1011 1176 1050 Litterae
1209 1025 1301 1050 vero
1336 1011 1418 1050 eius
1450 1025 1529 1049 una
1563 1012 1678 1049 datae

348 1092 437 1117 cum
460 1078 547 1125 tuis,
571 1092 735 1128 quarum
758 1077 912 1115 initium
934 1084 1003 1124 est,
1026 1090 1144 1126 quam
1170 1076 1298 1115 suavis
1319 1076 1354 1115 ei
1375 1084 1464 1115 tuus
1484 1078 1678 1115 adventus

347 1143 461 1182 fuerit
482 1151 519 1182 et
544 1143 763 1182 recordatio
790 1142 929 1181 veteris
958 1142 1113 1189 amoris,
1137 1141 1282 1180 deinde
1306 1155 1348 1180 se
1375 1143 1605 1180 effecturum
1635 1149 1677 1180 ut

348 1222 420 1258 ego
441 1208 481 1246 in
503 1208 635 1247 medio
656 1209 792 1247 dolore
813 1221 859 1246 ac
882 1207 1080 1246 desiderio
1107 1206 1163 1245 tui
1193 1214 1231 1246 te
1258 1221 1348 1245 cum
1378 1221 1401 1246 a
1428 1221 1492 1245 me
1517 1208 1676 1245 abesses
1698 1223 1735 1255 ¹5

348 1274 597 1324 potissimum
628 1287 762 1312 secum
792 1287 877 1312 esse
906 1275 1077 1319 laetarer,
1108 1272 1388 1311 incredibiliter
1417 1274 1674 1311 delectarunt.

305 1341 440 1389 2Qua
469 1353 508 1378 re
546 1339 640 1377 facis
675 1347 716 1377 tu
747 1339 908 1389 quidem
947 1340 1113 1377 fraterne
1145 1339 1253 1388 quod
1293 1352 1356 1376 me
1394 1337 1570 1385 hortaris,
1606 1340 1676 1377 sed

348 1419 411 1443 me
438 1406 595 1443 hercule
622 1412 842 1443 currentem
868 1418 973 1442 nunc
998 1403 1171 1454 quidem,
1193 1410 1236 1441 ut
1266 1402 1399 1441 omnia
1429 1417 1517 1441 mea
1546 1403 1676 1442 studia

346 1470 386 1508 in
407 1470 524 1509 istum
546 1484 669 1508 unum
690 1471 901 1508 conferam.
962 1471 1048 1519 Ego
1063 1482 1155 1507 vero
1176 1468 1328 1506 ardenti
1346 1467 1508 1518 quidem
1529 1468 1672 1515 studio,

345 1550 391 1575 ac
419 1537 581 1575 fortasse
613 1535 779 1575 efficiam
807 1536 915 1586 quod
947 1548 1064 1584 saepe
1093 1534 1306 1573 viatoribus
1341 1548 1431 1572 cum
1463 1543 1673 1584 properant
1695 1548 1734 1570 20

346 1602 486 1649 evenit,
513 1609 565 1648 ut,
598 1602 629 1639 si
659 1601 780 1639 serius
812 1615 931 1651 quam
961 1601 1154 1639 voluerint
1188 1602 1287 1639 forte
1317 1600 1560 1647 surrexerint,
1589 1613 1675 1650 pro-

345 1669 521 1717 perando
551 1667 669 1705 etiam
707 1666 820 1705 citius
850 1680 969 1716 quam
1000 1665 1031 1704 si
1061 1667 1112 1704 de
1141 1673 1259 1704 noete
1288 1665 1512 1715 vigilassent
1543 1679 1675 1715 perve-

345 1731 455 1770 niant
482 1746 561 1782 quo
582 1731 713 1778 velint,
737 1731 792 1769 sic
822 1745 904 1782 ego,
929 1730 1117 1781 quoniam
1145 1731 1185 1769 in
1212 1730 1287 1769 isto
1314 1730 1476 1769 homine
1503 1733 1674 1770 colendo

344 1804 424 1836 tam
446 1797 654 1836 indormivi
676 1796 742 1835 diu
764 1804 802 1835 te
824 1811 887 1835 me
909 1798 1067 1836 hercule
1089 1810 1206 1847 saepe
1228 1796 1432 1843 excitante,
1457 1810 1571 1834 cursu
1593 1811 1674 1835 cor-

342 1862 463 1912 rigam
494 1862 716 1901 tarditatem
746 1876 837 1900 cum
869 1862 979 1912 equis
1008 1870 1091 1900 tum
1118 1876 1211 1900 vero
1234 1862 1439 1911 (quoniam
1468 1870 1508 1900 tu
1536 1862 1672 1901 scribis
1694 1875 1730 1907 25

342 1938 485 1977 poema
513 1927 564 1966 ab
593 1940 641 1966 eo
671 1934 848 1966 nostrum
883 1927 1056 1978 probari)
1088 1927 1284 1977 quadrigis
1319 1926 1508 1977 poeticis3
1551 1929 1673 1966 modo

343 1992 439 2030 mihi
460 1993 550 2031 date
572 1991 814 2031 Britanniam
837 2006 956 2042 quam
977 1992 1136 2042 pingam
1157 1992 1355 2031 coloribus
1377 1991 1463 2039 tuis,
1486 1991 1672 2042 penicillo

368 2108 404 2145 ‘4
422 2105 603 2137 Placentia
623 2107 823 2137 Cratander:
848 2117 902 2136 -ae
916 2106 1042 2138 Baiter:
1069 2117 1101 2136 -e
1114 2105 1155 2135 M
1225 2107 1338 2137 Laude
1357 2106 1467 2136 Nonis
1481 2108 1534 2141 (sc.
1554 2107 1668 2147 accepi}

341 2149 518 2189 Sigonius:
547 2151 660 2180 Laude
686 2161 753 2181 una
779 2151 890 2180 mallet
905 2150 988 2180 Boot
1002 2151 1034 2180 si
1053 2161 1116 2180 voc.
1139 2151 1253 2180 Laude
1278 2151 1414 2180 omnino
1433 2154 1511 2180 esset
1528 2151 1670 2190 νοσφίσῃ-

342 2194 434 2232 dum,
453 2193 543 2232 quod
554 2198 651 2234 negat
665 2206 671 2224 ε
687 2194 766 2233 soff.
787 2194 950 2233 postridie
970 2194 1086 2224 Nonas
1105 2194 1201 2223 datas
1222 2193 1336 2223 Laude
1435 2195 1455 2223 6
1479 2195 1531 2223 vel
1545 2200 1668 2233 magna

341 2237 394 2267 vel
414 2236 455 2266 M
564 2248 601 2267 12
626 2238 697 2268 eius
715 2237 756 2267 M
771 2248 874 2276 marg.
892 2248 898 2267 ε
928 2242 1005 2267 tuae
1023 2237 1063 2266 M
1196 2238 1234 2266 16
1259 2247 1311 2267 me
1329 2236 1539 2267 delectarunt
1560 2238 1666 2275 Orelli,

341 2280 398 2310 sed
407 2281 441 2319 (fi
456 2281 631 2311 Lehmann
649 2282 795 2320 ‘Qnaesl.
819 2281 911 2312 Tull.’
923 2285 955 2319 p.
976 2282 1014 2310 16
1121 2290 1160 2318 19
1183 2280 1315 2310 ardenti
1331 2280 1465 2319 q-xidem
1478 2281 1591 2311 studio
1605 2281 1668 2311 hoe
1852 2293 1855 2320 ff

342 2323 483 2354 sortasse
501 2325 586 2355 codd.
604 2325 726 2364 aliquot
742 2329 769 2355 εί
784 2324 981 2364 Πέςεηὸενξ,
994 2323 1052 2354 sed
1061 2324 1088 2353 is
1099 2324 1233 2362 quidem
1251 2323 1335 2357 delet.
1356 2324 1392 2362 cf.
1412 2324 1502 2355 ‘Em.
1523 2324 1555 2353 A
1561 2323 1606 2355 lt.’
1626 2325 1669 2362 69

341 2376 380 2404 24
407 2378 522 2397 cursus
540 2368 697 2407 Pluygers
821 2376 861 2405 25
886 2378 964 2397 vero
982 2366 1036 2396 M*
1051 2379 1058 2398 ε
1082 2367 1164 2397 viris
1182 2366 1235 2396 M¹
1250 2378 1256 2399 :
1273 2368 1353 2406 fort.
1374 2367 1455 2397 viris
1471 2367 1525 2398 vcl
1632 2373 1668 2398 tu

343 2411 464 2441 Orelli:
489 2416 523 2441 ut
541 2411 599 2441 M:
625 2416 659 2442 ut
678 2412 764 2450 (cnm
782 2411 957 2451 probatur)
976 2411 1054 2441 conf.
1081 2410 1265 2451 lW’senbetg
