1871 2782
665 138 721 175 M.
753 137 921 174 TVLLI
954 135 1261 175 CICERONIS

664 247 723 278 IX.
770 245 835 276 AD
859 247 906 277 M.
932 245 1092 277 FILIVM
1118 245 1206 277 LIB.
1234 244 1260 277 Ι.

355 338 384 361 1.
415 324 606 362 Priscian.
636 324 751 361 VIII
772 335 830 374 17,
860 322 914 374 96
942 323 980 361 ii.
1008 328 1052 372 p.
1080 333 1174 371 444.
1194 332 1247 370 24
1273 322 1374 359 Keil.
1435 321 1623 367 ἘΜ-εἶά),

297 389 465 426 ε,γ[ε’[ίι’ς’
487 393 523 426 et
553 389 739 436 ‘excelleo‚
771 389 999 425 excelles.'—-
1007 388 1134 425 Cicero
1165 388 1205 425 in
1237 387 1270 424 I
1295 386 1548 435 epistularum
1576 386 1632 422 ad

286 454 418 502 filium
433 467 445 490 .·
475 454 565 502 Qua
585 467 625 491 re
641 454 751 492 effice
773 460 811 491 et
837 453 996 491 elabora
1020 459 1062 491 ut
1087 452 1453 491 excelletis—Idem
1475 450 1626 501 fragm.

295 517 338 552 X
356 514 388 553 6.
401 514 457 566 36
476 516 515 553 ii.
526 521 570 565 p.
583 527 675 568 527.
698 515 735 554 8.
1647 528 1662 559 5

721 613 786 645 AD
811 614 1005 645 EVNDEM
1033 613 1120 644 LIB.
1149 613 1191 643 ΙΙ.

353 700 383 723 2.
416 686 574 724 Nonius
602 691 646 735 p.
685 697 771 737 275.
810 697 859 737 17
897 685 959 723 M.
1007 686 1160 723 Tullius
1197 685 1253 722 ad
1273 684 1409 733 filium
1448 685 1510 722 lio.
1550 685 1628 722 II:

295 750 357 788 cui
397 764 470 800 ego
509 750 828 801 quibuscumque
873 751 989 789 rebus
1041 757 1179 801 potero
1217 748 1475 788 libentissime
1524 762 1628 787 com-

295 815 480 853 modabo.
565 867 630 898 AD
657 868 850 900 EVNDEM
876 867 939 899 EX
964 867 1108 899 LIBRO
1135 867 1356 898 INCERTO·
1649 872 1688 894 ιο

351 952 383 988 3.
428 940 633 977 Diomedes
670 941 695 977 i.
719 945 763 989 p.
800 951 879 991 375.
915 951 969 991 27
1007 940 1109 977 Keil.
1189 940 1363 987 ‘Deleor,
1399 940 1536 977 delitus
1549 939 1557 955 '
1594 945 1631 977 et

300 1004 482 1041 ‘deletas'
544 1005 672 1043 Cicero
692 1006 748 1042 ad
749 1005 886 1054 filium
899 1018 912 1042 .·
941 1003 1038 1042 ceris
1060 1003 1210 1042 deletis.

351 1082 384 1115 4.
416 1068 649 1107 Lactantius
686 1070 774 1108 inst.
812 1070 897 1107 III
926 1081 987 1118 14.
1027 1080 1076 1119 17
1119 1069 1248 1118 Quam
1285 1069 1472 1118 confessus
1496 1069 1629 1118 fueris

286 1135 552 1183 philosophiae
578 1135 785 1182 veritatem,
807 1136 937 1173 docent
959 1136 1013 1172 ad
1025 1135 1161 1184 filium
1190 1136 1390 1184 composita
1410 1140 1625 1184 praecepta,

294 1199 430 1246 quihus
468 1211 592 1236 mones
632 1199 908 1249 philosophiae
953 1199 1116 1250 quidem
1162 1207 1371 1250 praecepta
1412 1199 1625 1245 noscenda,
1651 1210 1686 1242 15

295 1262 508 1301 vivendum
529 1270 661 1302 autem
683 1277 767 1302 esse
787 1263 959 1303 civiliter.

352 1339 384 1377 5.
419 1329 578 1367 Servius
607 1330 663 1366 ad
689 1330 793 1378 Verg.
814 1330 908 1367 Aen.
943 1331 1058 1368 VIII
1078 1329 1154 1368 168
1188 1331 1314 1369 Cicero
1323 1336 1400 1379 per
1427 1331 1625 1380 epistulam

294 1393 564 1442 caspatfilium
591 1395 715 1431 dicens
743 1396 842 1432 male
871 1408 953 1432 eam
986 1396 1129 1433 dllw'sse
1152 1399 1160 1415 ‘
1173 1397 1303 1433 direxi
1328 1397 1479 1433 litteras
1506 1397 1627 1442 duas,'

294 1471 374 1494 cum
406 1459 566 1503 litterae,
601 1459 770 1507 quotiens
802 1460 1002 1508 epistulam
1035 1460 1263 1510 significant,
1298 1461 1450 1498 numeri
1474 1465 1625 1498 tantum

286 1524 460 1573 pluralis
478 1524 568 1562 sint.
1647 1529 1686 1551 ²0

349 1591 384 1626 6.
419 1589 580 1637 Quintil.
617 1590 651 1627 I
675 1599 708 1640 7.
734 1600 789 1640 34
822 1590 948 1628 Nz'lzil
975 1604 1022 1628 ex
1051 1591 1301 1639 grarmnatice
1340 1591 1507 1628 nocuerit
1552 1590 1631 1627 nisi

295 1655 396 1702 quod
411 1661 681 1704 sztpervacuum
701 1660 762 1692 est.
821 1656 860 1693 A
865 1669 890 1692 n
910 1656 991 1693 ideo
1011 1657 1140 1694 minor
1156 1662 1211 1693 est
1223 1657 1284 1694 M.
1312 1657 1463 1694 Tullius
1481 1660 1622 1701 orator,

293 1720 393 1767 quod
409 1720 505 1757 idem
527 1720 625 1757 artis
640 1720 752 1757 huius
769 1718 1095 1771 (orthographiae)
1111 1721 1420 1770 dilzgentissimus
1427 1720 1514 1769 fuit
1531 1725 1567 1757 et
1583 1721 1625 1758 in

283 1784 383 1832 filio,
406 1789 450 1821 ut
461 1785 630 1832 epistulis
650 1789 820 1834 apparet,
844 1790 936 1822 recte
956 1787 1132 1834 loquendi
1148 1792 1261 1834 asper
1277 1798 1416 1834 quoque
1441 1789 1595 1822 exactor
1604 1788 1626 1821 ‚r’

352 1860 382 1896 7.
412 1850 613 1887 Plutarch.
639 1850 714 1888 Cic.
733 1860 788 1898 24
809 1848 1034 1889 Ἐπιστολαὶ
1057 1852 1157 1900 παρὰ
1179 1853 1244 1889 τοῦ
1269 1851 1474 1900 Κικέρωνος
1499 1850 1625 1888 <Zol-
1645 1861 1682 1893 25

293 1916 382 1963 πρὸς
403 1916 467 1953 τὸν
486 1916 564 1954 υἱὸν
584 1916 872 1968 ἐγκελευομένου
892 1918 1203 1967 συμφιλοσοφεῖν
1224 1917 1442 1968 Κρατίππῳ.

537 2051 578 2082 X.
626 2051 691 2082 AD
717 2052 755 2084 C.
785 2052 1001 2084 LICINIVM
1028 2053 1217 2084 CALVVM
1244 2053 1328 2084 LIB.
1358 2053 1381 2083 1.

352 2143 380 2167 1.
412 2130 533 2167 Prisc.
553 2130 625 2167 IX
639 2142 697 2168 Io.
709 2141 765 2181 54
781 2135 824 2179 p.
844 2141 934 2181 490.
954 2129 982 2168 8
1001 2131 1103 2168 Keil.
1159 2132 1198 2168 A
1222 2131 1341 2168 ‘deleo
1353 2131 1623 2178 '—‘a⁷eletum,’

292 2207 315 2229 a
333 2194 495 2232 ‘delino'
514 2197 523 2214 ‘
536 2196 691 2233 delitum
704 2196 712 2212 ⁷
729 2196 963 2233 nascitur.—
972 2196 1097 2234 Cicero
1116 2196 1364 2244 epistularum
1385 2196 1440 2232 ad
1459 2195 1492 2233 C
1493 2197 1621 2234 alvum

283 2259 413 2305 primo
431 2275 442 2297 .·
491 2259 583 2298 Tuli
633 2261 798 2298 moleste
836 2261 945 2309 quod
987 2259 1136 2298 litterae
1184 2259 1326 2298 delitae
1372 2259 1467 2297 mihi
1514 2273 1536 2298 a
1584 2267 1621 2298 te
1640 2271 1682 2302 30

292 2323 467 2363 redditae
489 2332 589 2365 sunt.
654 2324 715 2374 Cf.
735 2331 856 2374 supra
876 2325 924 2363 t‘x
938 2336 973 2376 3.

717 2410 755 2430 12
779 2399 891 2430 delitis
907 2400 984 2431 com'.
1006 2399 1039 2430 F.
1061 2399 1192 2430 Modius
