1871 2782
651 179 762 217 EPP.
794 180 871 216 AD
903 180 1138 217 BRVTVM
1511 180 1597 217 Lx

232 288 459 328 domesticis
480 290 712 336 laboramus,
735 290 802 340 qui
829 298 937 328 erant
966 290 1129 329 omnino
1158 290 1209 329 ab
1236 289 1347 329 initio
1375 289 1465 328 belli
1486 289 1557 327 sed

233 353 382 392 facilius
412 355 696 405 frangebantur.
757 355 932 393 Erectior
961 363 1118 393 senatus
1145 363 1225 393 erat
1252 369 1331 393 non
1354 354 1556 393 sententiis

232 419 359 456 solum
380 419 520 458 nostris
541 420 611 458 sed
631 420 748 458 etiam
774 419 1113 457 cohortationibus
1143 419 1341 458 excitatus.
1403 421 1494 457 Erat
1516 418 1556 456 in

232 491 369 520 senatu
390 483 481 521 satis
505 485 717 522 vehemens
744 492 782 522 et
805 497 893 521 acer
914 485 1042 521 Pansa
1070 497 1160 521 cum
1191 483 1230 521 in
1260 492 1409 522 ceteros
1439 483 1554 522 huius

193 561 210 592 5
230 548 381 597 generis
411 556 494 586 tum
529 548 696 586 maxime
723 547 763 586 in
792 561 982 594 socerum,
1012 548 1074 586 cui
1102 548 1254 586 consuli
1288 562 1368 586 non
1400 548 1554 587 animus

230 612 282 650 ab
320 612 441 661 initio,
482 627 562 651 non
602 615 698 652 fides
737 615 788 652 ad
834 621 1050 652 extremum
1099 613 1232 652 defuit.
1311 615 1464 652 Bellum
1503 614 1597 651 ad2

233 677 430 715 Mutinam
450 678 664 728 gerebatur,
688 678 785 716 nihil
805 686 848 716 ut
873 678 914 716 in
942 679 1109 718 Caesare
1135 679 1451 728 reprehenderes,
1474 691 1554 715 non

231 744 338 780 nulla
357 742 397 780 in
420 742 562 781 Hirtio.
623 743 755 782 Huius
784 743 876 782 belli
903 745 1058 782 fortuna
1081 746 1143 781 ‘ut
1172 744 1212 781 in
1237 742 1420 782 secundis
1440 744 1552 789 fluxa,

232 815 273 844 ut
294 807 333 844 in
353 809 526 846 adversis
546 809 675 846 bona.'
734 810 827 847 Erat
846 808 981 847 victrix
1001 822 1060 847 res
1085 808 1243 858 publica
1263 808 1385 847 caesis
1405 807 1556 846 Antoni

175 886 212 908 10
231 871 364 922 copiis,
399 873 486 922 ipso
519 875 693 923 expulso.
767 873 877 911 Bruti
911 873 1056 912 deinde
1087 873 1140 911 ita
1170 875 1293 911 multa
1324 880 1484 923 peccata
1513 880 1556 911 ut

231 939 406 987 quodam
441 939 562 976 modo
596 938 758 977 victoria
787 938 983 977 excideret
1012 952 1034 977 e
1065 938 1257 976 manibus.
1318 937 1553 985 Perterritos,

231 1001 400 1050 inermis,
423 1002 577 1041 saucios
603 1017 685 1041 non
714 1011 805 1042 sunt
831 1003 953 1042 nostri
972 1005 1093 1042 duces
1113 1003 1317 1053 persecuti,
1340 1004 1557 1053 datumque

232 1067 386 1117 Lepido
406 1075 562 1118 tempus
583 1076 641 1106 cst
661 1068 701 1106 in
725 1082 805 1119 quo
830 1068 1028 1107 levitatem
1057 1068 1139 1106 eius
1170 1081 1285 1117 saepe
1311 1075 1555 1118 perspectam

232 1132 446 1171 maioribus
476 1133 517 1171 in
544 1134 656 1172 malis
686 1133 957 1183 experiremur.
1016 1134 1115 1172 Sunt
1143 1132 1332 1171 exercitus
1362 1132 1456 1170 boni
1485 1133 1556 1171 sed

175 1211 212 1243 15
233 1200 349 1237 rudes
382 1198 491 1237 Bruti
520 1206 559 1237 et
590 1200 736 1246 Planci,
770 1206 861 1236 sunt
893 1197 1120 1236 fidelissima
1150 1204 1188 1235 et
1222 1197 1391 1235 maxima
1416 1197 1557 1235 auxilia

233 1264 436 1302 Gallorum
451 1279 462 1313 3
489 1265 559 1302 sed
581 1265 791 1303 Caesarem
811 1262 908 1301 meis
928 1262 1100 1301 consiliis
1123 1263 1254 1300 adhuc
1283 1262 1552 1312 gubernatum,
1578 1268 1601 1305 3

230 1330 427 1379 praeclara
463 1328 594 1378 ipsum
632 1328 767 1366 indole
807 1327 1109 1377 admirabilique
1146 1326 1378 1374 constantia,
1419 1326 1559 1377 impro-

230 1393 400 1432 bissimis
420 1393 556 1432 litteris
572 1393 736 1444 quidam
752 1392 1034 1443 fallacibusque
1050 1391 1325 1441 interpretibus
1345 1405 1390 1430 ac
1411 1391 1558 1430 nuntiis

230 1457 469 1509 impulerunt
496 1459 538 1497 in
566 1472 678 1509 spem
708 1457 964 1497 certissimam
994 1459 1231 1496 consulatus.
1292 1458 1412 1506 Quod
1441 1458 1557 1495 simul

173 1537 213 1559 20
231 1531 349 1574 atque
387 1524 501 1572 sensi,
541 1538 672 1574 neque
710 1537 783 1574 ego
821 1523 932 1562 illum
978 1523 1183 1562 absentem
1222 1522 1357 1561 litteris
1396 1535 1556 1561 monere

231 1589 363 1627 destiti
393 1603 467 1628 nec
500 1603 684 1628 accusare
714 1588 929 1640 praesentis
967 1588 1050 1627 eius
1082 1587 1329 1626 necessarios
1368 1587 1435 1637 qui
1473 1587 1556 1625 eius

230 1653 434 1703 cupiditati
464 1654 662 1704 suffragari
696 1653 939 1700 videbantur,
975 1667 1048 1691 nec
1078 1652 1118 1691 in
1147 1660 1284 1691 senatu
1315 1651 1558 1690 sceleratissi-

231 1731 384 1756 morum
404 1719 659 1757 consiliorum
683 1718 802 1757 fontis
832 1718 981 1769 aperire
1005 1717 1194 1756 dubitavi.
1255 1719 1341 1755 Nec
1365 1730 1456 1755 vero
1480 1718 1558 1755 ulla

230 1783 270 1821 in
291 1797 331 1822 re
351 1784 514 1822 memini
539 1792 607 1823 aut
631 1791 810 1822 senatum
839 1783 1041 1822 meliorem
1062 1790 1129 1821 aut
1150 1782 1419 1832 magistratu33
1448 1794 1558 1819 num-

173 1862 210 1895 25
231 1861 349 1898 quam
379 1848 484 1887 enim
514 1849 554 1887 in
587 1850 738 1887 honore
765 1847 1070 1886 extraordinario
1099 1846 1270 1897 potentis
1298 1845 1467 1884 hominis
1496 1847 1557 1884 vel

230 1913 492 1963 potentissimi
530 1913 660 1964 potius
699 1914 878 1963 (quando
916 1912 1078 1962 quidem
1116 1911 1293 1962 potentia
1330 1910 1407 1948 iarn
1441 1910 1480 1948 in
1518 1912 1556 1949 vi

230 1978 358 2028 posita
377 1986 435 2016 est
455 1986 493 2017 et
513 1978 647 2029 armis)
675 1977 818 2017 accidit
847 1985 889 2016 ut
919 1991 1038 2016 nemo
1068 1976 1247 2015 tribunus
1277 1975 1413 2026 plebi5‚
1437 1989 1555 2014 nemo

228 2042 306 2079 alio
338 2042 572 2092 magistratu,
607 2056 726 2081 nemo
757 2042 928 2093 privatus
958 2050 1095 2080 auctor
1127 2041 1336 2080 exsisteret.
1406 2041 1485 2079 Sed
1515 2039 1555 2078 in

230 2108 304 2144 hac
338 2107 558 2145 constantia
590 2116 709 2157 atque
747 2107 888 2145 virtute
926 2114 1006 2145 erat
1046 2113 1177 2144 tamen
1210 2105 1375 2143 sollicita
1407 2104 1553 2143 civitas.

172 2172 454 2216 301nludimur
482 2172 599 2219 enirn,
624 2174 753 2219 Brute,
777 2180 860 2210 tum
891 2171 1058 2210 militum
1089 2170 1249 2218 deliciis,
1282 2178 1366 2208 tum
1396 2169 1558 2219 impera-

230 2236 323 2274 toris
355 2233 573 2275 insolentia.
632 2238 807 2275 Tantum
837 2236 1003 2286 quisque
1037 2249 1078 2274 se
1109 2236 1149 2274 in
1181 2249 1221 2274 re
1255 2235 1413 2285 publica
1441 2248 1556 2285 posse

229 2303 400 2352 postulat
421 2310 612 2352 quantum
634 2302 753 2340 habet
772 2301 935 2350 virium3
965 2314 1045 2339 non
1067 2300 1175 2347 ratio,
1198 2314 1278 2338 non
1300 2302 1452 2347 modus,
1475 2313 1556 2338 non

387 2416 403 2444 7
430 2406 472 2436 ita
489 2406 668 2445 gerebatur
688 2404 876 2445 ll'cscnbmg
1007 2406 1048 2436 28
1062 2405 1142 2445 sort.
1162 2405 1193 2435 in
1213 2404 1406 2443 magistratu
