1871 2782
161 547 179 579 5

138 870 177 893 10

133 1622 171 1644 20

452 165 564 203 ΕΡΡ.
597 166 674 202 AD
705 165 972 213 QVINTVM
1004 165 1277 202 FRATREM
1480 165 1533 201 II.
1553 163 1630 199 xiv

201 274 384 313 Ambitus
414 275 512 314 redit
541 274 750 321 immanis3
779 288 995 324 numquam
1022 274 1091 312 fuit
1118 288 1196 324 par.
1257 274 1357 313 Idib.
1382 274 1516 323 Quint.
1538 285 1563 320 4

200 343 336 380 faenus
357 342 427 380 fuit
448 341 626 381 bessibus
646 356 692 380 ex
713 341 851 379 triente
871 339 1231 379 coitione'Memmi
1260 349 1296 379 et
1314 342 1520 379 consulum

199 420 291 444 cum
324 407 526 454 Domitio;
568 408 669 444 hanc
708 407 875 444 Scaurus
908 410 1057 446 †unum
1091 405 1280 446 vincere†.
1352 404 1523 444 Messala

199 471 346 509 flaccet.
397 473 489 510 Non
510 471 600 510 dico
620 472 842 521 ὑπερβολάς,
858 472 918 509 vel
937 472 1007 508 HS
1024 470 1199 508 centiens
1220 470 1463 509 constituunt
1483 470 1523 507 in

198 536 463 585 praerogativa
495 535 756 585 pronuntiare.
818 537 898 573 Res
938 536 1048 573 ardet
1088 534 1244 573 invidia.
1304 533 1522 572 Tribunicii

197 600 396 639 candidati
423 600 777 650 compromiserunt
806 601 877 638 HS
904 599 1110 649 quingenis
1140 598 1179 636 in
1211 599 1384 648 singulos
1415 600 1522 648 apud

199 666 254 702 M.
279 666 474 704 Catonem
503 665 692 714 depositis
721 672 853 714 petere
883 664 965 702 eius
994 663 1192 710 arbitratu,
1216 672 1257 701 ut
1285 663 1352 713 qui
1386 671 1522 702 contra

195 729 351 768 fecisset
381 731 431 769 ab
466 744 513 768 eo
544 732 882 769 condemnaretur.
955 732 1069 779 Quae
1101 729 1262 779 quidem
1297 728 1456 767 comitia
1489 728 1520 766 si

196 795 362 843 gratuita
381 795 537 843 fuerint,
557 804 598 833 ut
622 803 817 845 putantur,
841 797 927 846 plus
955 809 1055 834 unus
1081 795 1182 835 Cato
1209 794 1377 845 potuerit
1402 808 1520 845 quam

196 871 334 897 omnes
355 860 459 909 leges
480 873 697 910 omnesque
718 860 876 899 iudices.

238 991 324 1026 XV
517 997 584 1029 Ssr.
606 997 733 1029 Romae
747 1010 792 1029 ar.
815 1010 857 1030 m.
878 998 963 1030 Sext.
982 1010 1010 1030 a.
1033 1008 1090 1038 700
1111 999 1194 1040 (54).

423 1072 577 1105 MARCI
588 1074 621 1105 'S
644 1072 820 1114 „QVINTO
843 1074 940 1106 [ΓΕΑ
952 1075 1032 1106 TRI
1051 1074 1287 1106 SALVTEM.

250 1154 353 1192 Cum
386 1165 409 1190 a
440 1165 503 1190 me
534 1152 677 1189 lineras
710 1151 838 1189 librari
872 1165 990 1189 manu
1029 1151 1236 1201 acceperis,
1271 1165 1319 1189 ne
1359 1153 1517 1201 paulum
1539 1163 1554 1188 1

193 1218 341 1266 quidem
367 1230 431 1254 me
455 1215 510 1254 oti
536 1215 719 1254 habuisse
743 1215 928 1263 iudicato,
952 1229 1042 1253 curn
1068 1223 1199 1253 autem
1225 1229 1321 1262 mea,
1345 1217 1516 1265 paulum.

194 1281 258 1319 Sic
284 1280 390 1318 enim
416 1281 572 1327 habeto,
596 1293 813 1329 numquam
845 1293 908 1318 rne
938 1293 960 1318 a
990 1279 1115 1318 causis
1146 1287 1183 1318 et
1214 1278 1366 1318 iudiciis
1397 1280 1520 1318 distri-

191 1344 355 1384 ctiorem
371 1344 499 1391 fuisse,
518 1352 635 1393 atque
651 1344 692 1382 id
712 1342 805 1381 anni
823 1352 999 1394 tempore
1019 1343 1245 1394 gravissimo
1266 1352 1304 1383 et
1323 1344 1518 1383 caloribus

191 1410 380 1449 maximis.
440 1410 517 1448 Sed
552 1410 663 1457 haec,
695 1409 883 1459 quoniam
922 1417 964 1447 tu
998 1409 1051 1447 ita
1084 1408 1323 1459 praescribiS‚
1357 1411 1517 1448 ferenda

191 1483 283 1515 sunt
319 1488 448 1525 neque
486 1473 817 1513 committendum
859 1482 901 1513 ut
946 1482 1013 1513 aut
1059 1474 1142 1524 spei
1184 1481 1251 1513 aut
1289 1474 1516 1525 cogitationi

189 1548 340 1579 vestrae
360 1554 432 1590 ego
452 1539 584 1578 videar
611 1539 795 1586 defuisse,
816 1539 1043 1589 praesertim
1073 1553 1174 1587 cum,
1198 1538 1229 1578 si
1255 1539 1295 1578 id
1322 1539 1516 1577 difficilius

190 1606 316 1654 fuerit,
343 1613 474 1644 tamen
504 1618 551 1643 ex
579 1606 655 1643 hoc
684 1605 818 1643 labore
849 1618 1031 1655 magnam
1063 1604 1225 1655 gratiam
1255 1618 1516 1655 magnamque

189 1670 419 1721 dignitatem
449 1669 522 1708 sim
553 1671 811 1708 conlecturus.
876 1672 1026 1720 Itaque,
1050 1678 1092 1708 ut
1119 1669 1189 1708 tibi
1216 1671 1354 1720 placet,
1377 1672 1517 1709 damus

188 1748 347 1785 operam
382 1748 432 1773 ne
466 1734 576 1773 cuius
605 1735 782 1773 animum
814 1736 1061 1778 offendamus
1101 1742 1218 1784 atque
1248 1742 1290 1773 ut
1319 1734 1436 1773 etiam
1466 1736 1516 1773 ab

187 1800 232 1839 iis
264 1800 356 1850 ipsis
387 1800 453 1850 qui
482 1814 554 1838 nos
586 1815 677 1839 cum
710 1802 876 1840 Caesare
905 1809 984 1839 tam
1016 1799 1248 1838 coniunctos
1279 1801 1413 1838 dolent
1434 1799 1516 1838 dili-

186 1880 335 1916 gamur,
355 1867 405 1905 ab
425 1867 560 1916 aequis
576 1880 667 1905 vero
687 1875 753 1905 aut
773 1867 891 1905 etiam
912 1881 934 1905 a
956 1865 1160 1916 propensis
1182 1865 1220 1902 in
1242 1866 1343 1902 hanc
1364 1872 1512 1914 partem

151 1948 165 1977 g
187 1932 439 1969 vehementer
459 1939 496 1969 et
520 1933 695 1969 colamur
719 1939 756 1969 et
782 1945 968 1970 amemur.
1031 1932 1093 1968 De
1120 1928 1270 1967 ambitu
1297 1942 1387 1966 cum
1414 1937 1512 1968 atro·
1530 1941 1554 1968 2

186 1995 340 2034 cissime
364 2003 540 2046 ageretur
564 1996 603 2033 in
630 2003 767 2034 senatu
793 1997 936 2034 multos
961 1995 1055 2042 dies,
1081 1995 1190 2045 quod
1218 1993 1269 2032 ita
1293 2001 1401 2032 erant
1428 2007 1513 2043 pro-

228 2112 247 2132 2
271 2102 426 2132 bessibus
445 2112 487 2131 ex
515 2101 653 2141 triente]
679 2098 755 2130 dare
779 2104 874 2130 nolas
902 2101 953 2131 S:
979 2112 1022 2131 ex
1045 2100 1101 2131 :j
1125 2099 1257 2130 lentavit
1280 2097 1329 2135 M,
1354 2097 1411 2128 scd
1432 2098 1515 2128 dedit

185 2145 236 2176 ΞΖ
254 2156 297 2175 ex
314 2145 365 2175 ZZ
455 2150 487 2175 et
505 2144 681 2175 consulum
701 2144 818 2183 scripsi,
838 2144 904 2175 coll.
924 2144 994 2175 Att.
1015 2145 1056 2175 iv.
1078 2154 1124 2183 15.
1148 2154 1185 2183 7:
1225 2147 1275 2172 est
1292 2152 1358 2180 quo
1376 2140 1436 2172 M:
1469 2153 1511 2172 ex

183 2200 291 2229 aequo
310 2188 450 2229 Madvig
579 2198 599 2226 3
624 2198 710 2218 unus
734 2188 846 2217 studet
863 2188 998 2218 vincere
1017 2187 1176 2228 Madvig:
1214 2186 1341 2216 utinam
1360 2185 1511 2216 vinceret

189 2233 309 2272 Tyrrell
460 2242 480 2270 4
504 2232 718 2269 ὑπερβολικῶς
734 2230 756 2260 I
900 2233 1146 2262 constituerunt
1161 2231 1193 2260 R
1329 2239 1510 2269 praeroga-

184 2281 283 2307 tivam
301 2276 432 2305 Ernesti
559 2276 580 2305 6
603 2275 783 2315 quingenis
803 2274 878 2306 Vict.
897 2286 903 2306 ε
927 2274 946 2313 ᾔ
965 2273 1006 2304 Μ
1138 2286 1158 2314 9
1185 2274 1331 2314 potuerit
1350 2273 1510 2311 Faernus,

184 2319 275 2357 Boot,
292 2320 358 2350 coll.
374 2319 444 2350 ΑΗ.
461 2319 502 2349 iv.
524 2328 570 2357 15.
588 2321 607 2349 8
624 2331 630 2349 z
648 2319 748 2349 suerit
762 2317 821 2349 M:
846 2319 965 2349 iuverit
981 2318 1084 2348 Orelli
1173 2329 1211 2348 10
1229 2328 1415 2356 omnesque
1435 2316 1488 2346 M³
1504 2328 1510 2346 ε

183 2373 248 2401 que
266 2362 318 2392 M¹
455 2372 491 2400 14
518 2363 652 2402 quidem
670 2362 744 2392 add.
767 2362 868 2392 Orelli
997 2373 1037 2400 24
1062 2373 1080 2393 a
1098 2361 1155 2393 del.
1178 2361 1366 2401 lJVcsenheaeg
1469 2370 1509 2400 25

183 2412 216 2437 et
235 2406 381 2437 colamur
398 2404 490 2438 Man.
509 2418 516 2437 ι
541 2406 736 2437 excole-mur
753 2405 790 2435 M
