1871 2782
122 574 139 606 5

106 900 143 924 10

99 1618 139 1640 20

417 197 529 235 EPP.
561 197 638 234 AD
670 196 938 245 QVINTVM
969 196 1243 234 FRATREM
1447 195 1523 233 III.
1543 195 1572 232 ii

161 306 366 346 habemus.
425 307 661 360 Ἀπότευγμα
689 306 869 353 formido,
894 307 1000 346 addo
1030 306 1147 346 etiam
1175 306 1490 346 malevolentiam

163 370 380 421 hominum,
404 379 442 411 et
462 372 582 410 timeo
602 385 652 410 ne
672 371 726 409 illi
747 385 809 409 me
833 379 1043 410 accusante
1062 371 1210 422 aliquid
1230 371 1393 419 accidat,
1416 385 1490 410 nec

161 435 329 484 despero
349 450 430 475 rem
451 444 489 475 et
509 436 592 475 sine
613 450 676 474 me
695 441 732 473 et
749 449 828 473 non
850 435 945 473 nihil
965 449 1034 487 pler
1054 449 1117 473 me
1137 435 1278 473 c'onfici
1299 449 1424 486 posse.

217 501 279 538 De
299 501 450 539 ambitu
470 500 656 551 postulati
684 507 774 538 sunt
803 513 941 538 omnes
968 499 1036 548 qui
1063 501 1310 537 consulatum
1338 507 1488 550 petunt,
1511 507 1534 543 3

159 576 183 601 a
218 564 412 603 Memmio
442 565 653 612 Domitius,
684 578 707 603 a
731 566 779 612 Q.
809 563 965 610 Acutio,
988 564 1095 602 bono
1122 571 1160 602 et
1184 564 1337 603 erudito
1361 566 1491 603 adule-

160 636 304 675 scente,
329 629 554 676 Memmius,
572 643 595 668 a
615 631 663 678 Q.
688 628 879 679 Pompeio
901 630 1082 675 Messala,
1098 642 1120 667 a
1140 629 1290 667 Triario
1311 631 1488 668 Scaurus.

160 693 310 742 Magno
336 707 396 732 res
422 694 463 732 in
492 702 603 732 motu
632 702 700 742 est,
733 702 938 744 propterea
965 695 1073 743 quod
1102 701 1169 732 aut
1198 693 1405 732 hominum
1425 701 1491 732 aut

161 757 291 805 legum
312 757 488 797 interitus
509 759 737 797 ostenditur.
798 760 929 808 Opera
949 759 1063 797 datur
1086 766 1128 797 ut
1148 758 1293 797 iudicia
1313 773 1363 797 ne
1384 760 1488 797 fiant.

163 820 243 858 Res
275 822 428 861 videtur
466 831 642 873 spectare
678 824 730 861 ad
767 822 1042 873 interregnum.
1103 824 1297 862 Consules
1335 823 1494 862 comitia

161 885 306 924 habere
344 887 508 937 cupiunt
525 902 535 935 3
578 887 632 926 rei
670 889 810 926 nolunt
848 895 886 926 et
924 887 1092 926 maxime
1131 888 1346 926 Memmius
1384 889 1494 938 quod

161 950 338 989 Caesaris
358 952 531 990 adventu
552 966 593 991 se
614 960 741 1002 sperat
761 954 935 990 futurum
962 954 1177 1000 consulem,
1200 953 1270 991 sed
1290 952 1431 991 mirum
1452 952 1492 991 in

159 1016 323 1053 modum
337 1015 447 1055 iacet.
507 1017 708 1055 Domitius
727 1031 818 1056 cum
840 1019 1012 1055 Messala
1025 1025 1151 1056 certus
1168 1031 1252 1056 esse
1268 1017 1473 1056 videbatur
1482 1032 1492 1065 3

159 1080 326 1118 Scaurus
358 1080 564 1120 refrixerat.
623 1082 777 1132 Appius
811 1081 895 1120 sine
924 1083 1010 1132 lege
1039 1082 1186 1120 curiata
1214 1083 1421 1121 confirmat
1449 1096 1491 1121 se

159 1145 329 1182 Lentulo
357 1153 491 1183 nostro
518 1159 790 1184 successurum
808 1160 817 1193 ;
849 1145 916 1195 qui
937 1146 1099 1195 quidem
1120 1145 1305 1184 mirificus
1326 1146 1393 1184 illo
1413 1145 1489 1193 die,

125 1225 135 1231 -
159 1210 267 1259 quod
284 1223 409 1259 paene
424 1210 614 1260 praeterii,
631 1210 701 1247 fuit
717 1209 758 1247 in
772 1209 987 1248 Gabinium
1002 1224 1012 1257 3
1041 1210 1238 1248 accusavit
1254 1210 1465 1249 maiestatis
1480 1226 1491 1258 3

158 1273 321 1311 nomina
351 1275 453 1321 data,
487 1287 579 1312 cum
610 1273 674 1312 ille
705 1274 868 1312 verbum
907 1275 1068 1312 nullum.
1130 1274 1268 1312 Habes
1308 1275 1486 1313 forensia.

159 1337 281 1375 Domi
301 1345 404 1375 recte
425 1344 483 1376 est
497 1351 508 1387 3
546 1337 633 1388 ipsa
651 1338 795 1376 domus
815 1351 838 1378 a
861 1337 1176 1389 redemptoribus
1203 1345 1388 1378 tractatur
1408 1352 1489 1378 non

157 1400 414 1452 indiligenter.

200 1530 274 1565 III
454 1533 524 1567 Scr.
544 1534 672 1567 Romae
687 1546 718 1568 a.
739 1535 771 1568 d.
791 1536 836 1567 xit
852 1536 894 1567 K.
915 1535 999 1569 Nov.
1022 1546 1080 1577 700
1099 1537 1181 1578 (54).

385 1611 587 1643 MARCVS
607 1612 786 1653 QVINTO
809 1611 996 1644 FRATRI
1015 1612 1257 1645 SALVTEM.

212 1688 532 1738 Occupationum
568 1703 745 1728 mearum
778 1689 849 1728 tibi
887 1689 1042 1740 signum
1080 1690 1129 1728 sit
1162 1689 1291 1729 librari
1330 1704 1479 1729 manus.
1502 1705 1519 1731 1

158 1752 276 1791 Diem
297 1753 395 1791 scito
416 1767 501 1792 esse
527 1756 690 1801 nullum,
713 1767 793 1804 quo
817 1754 882 1792 die
908 1768 989 1792 non
1013 1754 1143 1793 dicam
1172 1768 1243 1804 pro
1272 1769 1348 1794 reo.
1409 1757 1482 1802 Ita,

157 1816 346 1867 quicquid
375 1818 543 1856 conficio
573 1825 640 1856 aut
671 1818 811 1868 cogito,
844 1818 884 1856 in
914 1818 1193 1857 ambulationis
1223 1825 1377 1868 tempus
1406 1820 1485 1857 fere

158 1883 328 1920 confero.
389 1882 559 1931 Negotia
587 1896 629 1920 se
658 1890 790 1921 nostra
820 1882 876 1920 sie
899 1883 1057 1929 habent,
1080 1882 1297 1920 domestica
1323 1895 1414 1921 vero
1443 1890 1487 1921 ut

158 1949 349 1986 volumus.
399 1949 543 1986 Valent
556 1947 676 1998 pueri,
692 1947 866 1986 studiose
879 1947 1047 1993 discunt,
1063 1946 1268 1996 diligenter
1281 1948 1485 1994 docentur,

158 2020 196 2051 et
220 2026 292 2051 nos
322 2020 360 2050 et
388 2012 488 2050 inter
512 2026 553 2051 se
578 2020 722 2051 amant.
783 2012 1053 2062 Expolitiones
1079 2011 1280 2061 utriusque
1309 2019 1487 2050 nostrum

157 2085 248 2115 sunt
268 2077 309 2115 in
329 2077 511 2115 manibus
533 2078 603 2115 sed
622 2085 688 2115 tua
703 2078 754 2115 ad
770 2078 986 2127 perfectum
1006 2076 1084 2114 iam
1105 2089 1164 2114 res
1184 2076 1327 2115 rustica
1342 2076 1488 2115 Arcani

157 2150 196 2180 et
212 2142 351 2180 Lateri.
403 2144 607 2180 Praeterea
619 2144 669 2180 de
684 2155 796 2192 aqua,
812 2143 863 2180 de
876 2141 936 2180 via
950 2141 1045 2179 nihil
1058 2141 1298 2191 praetermisi
1315 2143 1487 2191 quadam

158 2206 324 2257 epistula
356 2209 452 2257 quin
483 2208 686 2245 enucleate
716 2209 767 2246 ad
799 2214 836 2245 te
870 2206 1159 2257 perscriberem.
1219 2207 1297 2244 Sed
1328 2219 1392 2244 me
1422 2206 1487 2244 illa

202 2321 221 2340 2
245 2311 380 2341 accedat
405 2310 484 2342 coni.
507 2309 649 2341 Schzttz:
684 2311 856 2342 commode
881 2310 1010 2341 accidat
1032 2309 1162 2349 Kayser
1317 2321 1335 2349 7
1360 2309 1485 2349 Magno

158 2353 303 2385 Lamb.:
340 2365 372 2384 -a
391 2354 431 2384 M
563 2365 600 2393 17
626 2359 716 2386 recte
741 2359 813 2392 est3
838 2355 910 2394 ipsa
939 2352 1142 2392 l'Vcsenberg2
1165 2357 1266 2389 recte,
1293 2358 1327 2383 et
1352 2354 1424 2392 ipsa
1446 2353 1488 2382 M

159 2408 199 2437 27
223 2398 283 2428 sed
309 2396 369 2427 M:
404 2402 438 2428 et
459 2396 645 2438 W'bsenberg
797 2403 853 2429 tua
878 2407 985 2437 paene
1009 2396 1160 2437 perfecta
1183 2397 1262 2428 coni.
1296 2395 1486 2437 Wesenberg

158 2442 201 2472 28
225 2441 257 2471 in
277 2442 420 2481 quadam
438 2441 552 2472 Baiter

1355 2494 1398 2526 5*
