1871 2782
490 188 844 227 FRAGMENTA
874 190 906 227 E
913 190 1272 229 PISTVLARVM

218 299 281 337 lib.
301 300 352 337 I:
381 300 440 337 Ex
460 299 598 338 ceteris
619 307 751 338 autem
772 300 981 350 generibus
1002 309 1095 340 tunc
1115 302 1284 352 pecunia
1305 304 1543 353 expedietur,

218 376 309 401 cum
340 363 559 413 legionibus
593 363 816 402 victricibus
855 373 967 403 erunt
1005 379 1105 415 quae
1137 367 1423 416 spopondimus
1462 382 1543 418 per-

217 429 416 466 solvenda.

271 506 305 542 9.
336 493 440 531 lVon.
464 499 507 542 p.
537 493 631 544 328.
663 493 711 531 18
741 495 802 532 Μ.
842 495 996 532 Tullius
1028 496 1084 532 ad
1117 497 1317 534 Caesarem
1356 499 1540 535 z'mu'orem

180 568 196 600 5
217 558 277 595 lib.
298 559 350 596 I:
382 559 451 596 sed
479 559 587 608 quod
612 558 784 597 viderem
815 559 975 597 nomine
1002 559 1110 609 pacis
1140 560 1287 598 bellum
1320 561 1538 600 involutum

217 622 307 660 fore.

273 701 329 725 10.
362 689 463 726 [Van.
492 694 535 737 p.
559 687 646 739 356.
680 700 720 739 Ι]
751 690 812 726 M.
854 689 1005 726 Tullius
1035 690 1090 726 ad
1122 690 1322 728 Caesarem
1355 691 1537 728 {mliorem

214 752 275 789 lib.
296 753 345 790 I:
376 754 468 790 Erat
489 752 624 802 opinio
646 753 750 790 bona
770 753 820 791 de
842 755 999 800 Planco,
1023 753 1127 791 bona
1148 755 1198 792 de
1220 754 1383 803 Lepido.

272 830 328 854 11.
359 818 464 855 Nom
490 824 532 867 p.
558 829 646 868 371.
680 829 703 868 7
736 819 795 855 M.
837 819 988 855 Tullius
1024 820 1079 855 ad
1117 820 1317 857 Caesarem
1351 821 1535 858 ium'orem

155 890 195 912 10
213 881 274 917 lib.
295 883 343 918 I:
372 889 413 919 tu
435 881 466 919 si
491 895 618 933 meam
647 883 765 920 sidem
797 882 1040 932 praestiteris,
1071 884 1179 932 quod
1207 884 1366 921 confido
1394 891 1431 921 te
1451 897 1535 922 esse

212 945 414 983 facturum.

270 1024 326 1047 12.
358 1011 459 1048 [Van.
485 1017 527 1060 p.
541 1010 633 1062 380.
654 1023 704 1062 29
731 1013 956 1050 ‘Relatum’
977 1012 1118 1049 dicitur
1139 1013 1375 1061 ‘perlatum'
1395 1013 1533 1049 dictum

211 1089 234 1112 a
260 1076 321 1112 M.
348 1077 387 1113 T
383 1077 475 1113 allio
504 1078 559 1113 aa'
589 1078 789 1115 Caesarem
818 1078 1004 1114 santarem
1033 1077 1094 1114 lib.
1114 1078 1165 1114 J:
1194 1077 1272 1114 Sed
1304 1077 1400 1114 haec
1431 1076 1534 1114 vide-

211 1139 349 1186 bimus,
374 1154 461 1178 cum
486 1140 601 1190 legati
621 1154 807 1191 responsa
827 1141 1054 1179 rettulerint.

268 1218 324 1253 13.
356 1206 460 1243 Nan.
484 1211 528 1254 p.
552 1217 644 1256 394.
681 1217 704 1256 7
736 1207 798 1243 M.
837 1206 988 1243 Tullius
1026 1206 1079 1242 ad
1111 1206 1312 1243 Caesarem
1346 1205 1531 1242 iuniorem

208 1269 268 1306 lib.
290 1271 340 1306 I:
369 1283 459 1307 cum
480 1269 552 1307 iter
578 1271 745 1307 facerem
769 1271 820 1308 acl
841 1269 1026 1318 Aquilam
1049 1270 1274 1308 Claternam
1300 1276 1531 1319 tempestate

207 1333 465 1382 spurcissima.

265 1411 320 1445 14.
353 1399 458 1436 Non.
481 1406 521 1448 p.
559 1412 645 1450 419.
675 1412 715 1451 13
747 1401 807 1437 M.
840 1400 994 1437 Tullius
1025 1400 1078 1436 ad
1113 1400 1313 1437 Caesarem
1345 1400 1530 1436 iuniorem

206 1463 267 1500 lib.
287 1464 336 1500 l:
364 1463 431 1513 qui
452 1463 483 1501 si
504 1464 600 1502 nihil
620 1465 671 1502 ad
691 1464 731 1502 id
758 1463 995 1502 beneficium
1015 1464 1181 1501 adderes
1203 1477 1281 1513 quo
1309 1477 1377 1513 per
1405 1471 1442 1502 te
1467 1478 1529 1502 me

148 1542 187 1564 20
205 1540 284 1566 una
304 1541 394 1566 cum
415 1541 455 1566 re
475 1528 634 1578 publica
653 1528 693 1566 in
714 1528 932 1567 libertatem
953 1527 1264 1566 vindicavissem.

262 1604 319 1642 15.
352 1594 455 1631 lVon.
480 1600 524 1643 p.
551 1593 637 1645 436.
669 1605 717 1644 17
749 1594 982 1642 ‘Ignoscere'
1011 1597 1048 1629 et
1082 1592 1308 1629 ‘comedere’
1341 1605 1447 1640 quem
1480 1593 1534 1629 ad

203 1659 352 1695 modum
391 1659 493 1695 inler
528 1672 564 1696 se
602 1659 743 1696 distent
777 1658 904 1706 aperit
937 1658 998 1695 M.
1047 1657 1198 1694 Dclll'us
1235 1657 1290 1693 ad
1327 1655 1527 1693 Caesarem

201 1723 387 1759 iuniorem
418 1723 480 1760 lib.
515 1724 564 1761 J:
604 1723 725 1771 Quod
757 1721 852 1758 mihi
883 1728 921 1759 et
954 1720 1137 1770 Philippo
1168 1719 1414 1758 vacationem
1444 1721 1523 1765 das,

201 1785 260 1824 bis
306 1787 485 1836 gaudeo3
546 1800 637 1825 nam
692 1794 730 1824 et
777 1784 990 1837 praeteritis
1039 1783 1208 1834 ignoscis
1256 1791 1293 1822 et
1341 1783 1525 1822 concedis

144 1867 182 1899 25
200 1851 338 1889 futura.

258 1917 314 1952 16.
345 1916 450 1954 Non.
476 1922 518 1965 p.
541 1915 628 1966 538.
657 1928 711 1964 24
742 1918 801 1953 Μ.
845 1916 995 1953 Tullius
1024 1916 1080 1951 ad
1107 1915 1307 1953 Caesarem
1338 1914 1523 1950 sumerem

198 1979 261 2019 lib.
288 1980 338 2017 I:
367 1980 496 2018 Pridie
527 1982 664 2018 Nonas
695 1979 924 2018 Februarias
958 1992 1049 2017 cum
1082 1979 1133 2016 ad
1163 1985 1200 2015 te
1232 1978 1376 2015 litteras
1409 1990 1523 2014 mane

198 2043 406 2090 dedissem,
443 2043 633 2082 descendi
670 2045 721 2082 ad
760 2045 887 2081 sorum
926 2050 1090 2093 sagatus,
1127 2055 1218 2080 cum
1257 2040 1395 2090 reliqui
1433 2054 1523 2079 con-

197 2109 341 2147 sulares
363 2108 482 2158 togati
502 2110 647 2147 vellent
668 2109 918 2146 descendere.

153 1217 189 1250 15

241 2213 279 2241 16
302 2212 343 2242 ad
360 2210 517 2250 Aquilam
534 2211 652 2242 Gurlt'll
667 2223 673 2242 ε
698 2212 740 2241 ad
757 2212 820 2250 (vel
830 2212 885 2247 ad)
900 2210 1059 2249 hiquiiam
1073 2209 1159 2240 codd.
1177 2220 1184 2239 :
1208 2209 1250 2239 ad
1270 2208 1419 2239 Hirtium
1434 2208 1520 2239 Rollz

194 2264 237 2284 20
261 2254 516 2285 vindicavisscm
540 2255 671 2285 Aldus:
708 2265 831 2285 -assem
863 2255 983 2284 [unlaz
1020 2254 1286 2284 vindicavissent
1317 2252 1366 2283 vel
1392 2258 1520 2282 -asscnt

195 2297 281 2328 codd.
374 2308 415 2336 23
439 2297 538 2337 Quod
555 2298 600 2329 ed.
620 2310 649 2329 a.
672 2300 776 2336 1476:
803 2308 869 2337 quo
887 2297 973 2328 codd.
992 2308 998 2327 :
1025 2297 1136 2335 Quom
1153 2296 1260 2326 Halm
1360 2296 1400 2324 28
1425 2298 1518 2334 saga-

194 2345 248 2372 tus
264 2341 392 2372 Abekcn
409 2353 415 2372 ε
440 2346 574 2381 togatus
592 2342 680 2372 codd.
700 2341 814 2372 Aldus
939 2351 980 2381 29
1005 2341 1108 2380 togati
1125 2339 1211 2370 codd.
1231 2351 1238 2370 z
1263 2340 1367 2378 sagati
1386 2338 1499 2368 Aldus
