1871 2782
276 183 305 220 1.
324 182 370 218 ix
689 180 744 216 M.
776 179 944 215 TVLLI
977 178 1284 217 CICERONIS

323 292 496 331 alienum
526 299 636 329 tanto
665 290 748 329 viro
778 298 948 341 quantus
978 305 1019 330 es
1054 298 1106 337 tu,
1137 292 1246 341 quod
1276 291 1385 329 alteri
1414 291 1653 342 praeceperit

324 356 364 395 id
386 356 513 406 ipsum
534 357 660 395 facere
681 369 762 394 non
800 370 927 406 posse.
987 358 1057 395 Me
1073 356 1235 406 quidem
1256 369 1346 394 cum
1368 356 1536 395 rationes
1558 370 1655 406 quas

324 423 549 472 conlegeras
582 429 665 460 turn
697 421 907 460 auctoritas
939 429 1006 459 tua
1038 435 1061 460 a
1092 421 1215 460 nimio
1247 434 1422 459 maerore
1455 421 1651 460 deterruit.

326 488 429 526 Cum
456 486 562 525 enirn
592 486 748 525 mollius
778 486 849 525 tibi
874 488 972 525 ferre
1002 486 1153 525 viderer
1183 500 1299 536 quam
1332 488 1488 525 deceret
1516 486 1652 533 virum,

325 550 551 602 praesertim
586 564 676 589 eum
716 551 783 601 qui
814 551 910 589 alios
950 551 1144 589 consolari
1184 553 1335 598 soleret,
1371 550 1563 589 accusasti
1593 565 1656 589 me
1677 564 1695 596 5

326 629 394 665 per
414 615 558 654 litteras
579 615 819 666 gravioribus
839 615 966 653 verbis
994 629 1112 665 quam
1138 622 1205 653 tua
1224 616 1474 654 consuetudo
1495 616 1655 654 ferebat.

283 692 306 718 2
328 682 468 730 Itaque
500 680 689 719 iudicium
724 688 835 718 tuum
868 679 999 729 magni
1029 680 1241 718 aestimans
1274 679 1395 729 idque
1421 679 1565 717 veritus
1594 694 1658 718 me

326 745 409 795 ipse
447 745 600 794 conlegi
639 752 677 783 et
713 758 758 783 ca
796 758 897 794 quae
936 744 1162 791 didiceram,
1199 746 1379 795 legeram,
1415 759 1656 794 acceperam,

326 810 500 861 graviora
520 810 612 849 duxi
638 818 705 848 tua
733 810 964 848 auctoritate
993 810 1139 849 addita.
1198 812 1258 849 Ac
1283 810 1380 848 mihi
1406 818 1502 858 tum,
1527 813 1656 858 Brute,

326 875 456 914 officio
477 877 605 914 solum
632 883 713 914 erat
740 883 777 914 et
807 883 979 921 naturae,
1002 875 1073 914 tibi
1102 889 1209 914 nunc
1239 878 1389 927 populo
1418 884 1457 915 et
1481 890 1656 923 scaenae,
1683 889 1722 912 10

328 948 369 980 ut
402 940 553 988 dicitur,
588 940 839 979 serviendum
874 948 943 979 est.
1003 942 1108 979 Nam
1143 955 1234 980 cum
1273 941 1314 979 in
1346 949 1384 980 te
1416 955 1497 979 non
1531 943 1659 979 solum

328 1006 518 1045 exercitus
542 1005 597 1044 tui
625 1007 696 1045 sed
717 1005 895 1044 omnium
917 1005 1062 1044 civium
1082 1020 1128 1044 ac
1148 1020 1275 1056 paene
1294 1006 1471 1057 gentium
1492 1006 1661 1045 coniecti

329 1071 430 1110 oculi
453 1070 540 1118 sint,
559 1071 721 1109 minime
742 1072 856 1110 decet
877 1079 1035 1122 propter
1048 1085 1166 1122 quem
1188 1071 1366 1110 fortiores
1387 1072 1505 1111 ceteri
1526 1086 1661 1111 sumus

329 1150 420 1175 eum
459 1136 588 1187 ipsum
627 1136 761 1175 animo
801 1136 1050 1175 debilitatum
1091 1136 1225 1175 videri.
1304 1139 1436 1187 Quam
1484 1138 1537 1176 ob
1580 1151 1662 1176 rem

328 1201 514 1251 accepisti
547 1209 587 1239 tu
619 1201 781 1251 quidem
813 1202 992 1240 dolorem
1024 1201 1081 1251 (id
1113 1201 1219 1240 enim
1250 1201 1415 1240 amisisti
1442 1202 1505 1240 cui
1537 1201 1663 1241 simile
1686 1215 1721 1247 15

330 1266 369 1304 in
391 1266 498 1305 terris
526 1266 622 1304 nihil
650 1266 749 1318 fuit),
773 1274 811 1305 et
841 1274 899 1305 est
929 1268 1147 1305 dolendum
1176 1267 1217 1305 in
1247 1275 1327 1305 tam
1356 1267 1462 1317 gravi
1490 1269 1660 1315 vulnere,

330 1345 380 1370 ne
428 1331 468 1370 id
516 1331 656 1382 ipsum,
704 1345 834 1370 carere
874 1331 983 1369 omni
1021 1345 1139 1370 sensu
1181 1332 1339 1379 doloris,
1389 1332 1438 1381 sit
1486 1332 1663 1371 miserius

331 1409 451 1446 quam
498 1398 642 1443 dolere,
683 1397 754 1435 sed
792 1403 834 1435 ut
873 1395 1030 1435 modice
1075 1396 1212 1435 ceteris
1256 1396 1350 1435 utile
1389 1404 1458 1444 est,
1498 1398 1554 1435 ita
1593 1397 1664 1436 tibi

332 1474 492 1500 necesse
521 1468 590 1500 est.

289 1532 313 1570 3
387 1526 605 1564 Scriberem
626 1528 737 1576 plura
763 1526 837 1564 nisi
864 1527 915 1565 ad
942 1533 980 1565 te
1006 1527 1104 1565 haec
1128 1526 1214 1577 ipsa
1233 1526 1349 1566 nimis
1378 1529 1500 1566 multa
1520 1534 1661 1566 essent.
1688 1542 1726 1564 20

333 1590 418 1630 Nos
435 1598 472 1630 te
486 1599 677 1641 tuumque
694 1591 907 1630 exercitum
923 1599 1196 1642 exspectamus
1211 1607 1220 1639 3
1250 1591 1334 1631 sine
1351 1606 1442 1643 quo,
1458 1600 1499 1630 ut
1516 1592 1666 1643 reliqua

332 1669 378 1694 ex
404 1654 603 1695 'sententia
634 1658 859 1704 succedant,
890 1656 953 1695 vix
977 1656 1069 1695 satis
1103 1657 1214 1696 liberi
1240 1657 1420 1696 videmur
1448 1660 1540 1696 fore.
1602 1660 1664 1696 De

331 1728 414 1759 tota
442 1735 482 1759 re
515 1721 675 1771 publica
706 1724 817 1772 plura
848 1722 1017 1760 scribam
1049 1729 1087 1760 et
1121 1724 1283 1762 fortasse
1315 1723 1393 1761 iarn
1425 1723 1589 1762 certiora
1618 1722 1664 1761 iis

330 1786 466 1826 litteris
487 1800 583 1837 quas
604 1787 738 1826 Veteri
759 1794 894 1826 nostro
915 1787 1138 1838 cogitabam
1159 1789 1262 1827 dare.

372 1917 415 1951 X
628 1919 696 1951 Ser.
715 1919 844 1950 Romae
861 1920 942 1952 med.
963 1931 1007 1951 m.
1028 1920 1139 1960 Quint.
1158 1931 1187 1952 a.
1209 1931 1265 1961 711
1283 1920 1363 1963 (45).
1687 1931 1702 1953 2
1709 1932 1725 1963 5

761 1996 936 2028 CICERO
962 1997 1118 2028 BRVTO
1145 1997 1243 2029 SAL.

297 2087 313 2113 1
387 2075 527 2112 Nullas
548 2075 679 2112 adhuc
705 2088 729 2112 a
749 2082 787 2113 te
814 2075 959 2113 litteras
986 2076 1243 2123 habebamus,
1266 2089 1316 2114 ne
1337 2077 1482 2114 famam
1503 2074 1665 2126 quidem

333 2151 434 2188 quae
469 2140 683 2178 declararet
722 2147 760 2178 te
794 2141 951 2190 cognita
985 2148 1143 2179 senatus
1177 2141 1408 2180 auctoritate
1440 2141 1479 2179 in
1511 2140 1665 2179 Italiam

332 2205 529 2242 adducere
546 2204 758 2243 exercitum
774 2220 783 2253 3
813 2207 922 2255 quod
939 2214 980 2244 ut
997 2207 1142 2244 faceres
1158 2206 1279 2256 idque
1295 2214 1507 2244 maturares
1522 2218 1665 2255 magno

333 2282 450 2318 opere
482 2269 732 2309 desiderabat
764 2284 823 2309 res
855 2271 1023 2321 publica.
1102 2271 1342 2321 Ingravescit
1373 2270 1479 2309 enini
1510 2270 1549 2308 in
1581 2270 1665 2309 dies
1688 2282 1726 2314 30

334 2333 563 2372 intestinum
613 2337 771 2382 malurn,
822 2349 895 2373 nec
938 2335 1105 2373 externis
1152 2335 1332 2374 hostibus
1378 2335 1500 2386 magis
1546 2348 1665 2385 quam

383 2447 393 2466 1
421 2442 566 2475 quantus
587 2438 629 2468 C:
670 2449 735 2476 que
755 2437 827 2467 ΜῙτ
868 2449 965 2478 quam
984 2438 1060 2469 AF:
1099 2443 1135 2469 ut
1151 2437 1200 2469 A²
1219 2437 1304 2470 Crat.
1468 2439 1505 2469 18
1530 2438 1574 2468 ita
1590 2437 1664 2469 add.

339 2480 546 2520 Wesenberg:
571 2482 617 2512 sic
635 2481 708 2512 add.
726 2482 845 2512 Becher
